3388 5458
213 1264 413 1350 Celestz'na,
455 1287 537 1336 curn
559 1255 678 1336 soluta
696 1264 861 1334 oratione
889 1261 1023 1361 scripta
1042 1275 1150 1350 esset,
1173 1267 1298 1363 magni
1318 1263 1385 1337 luit

166 1383 340 1454 momenti
360 1378 530 1452 omnibus
550 1382 589 1450 in
617 1377 691 1450 illis
715 1377 885 1475 operibus
904 1403 998 1476 quae,
1022 1379 1135 1477 longa
1163 1393 1224 1454 aut
1244 1379 1382 1473 brevia,

165 1495 354 1570 humilium
366 1506 401 1568 et
414 1493 648 1568 familiarium
662 1519 778 1568 rerum
795 1497 994 1593 imaginem
1007 1495 1214 1593 legentibus
1229 1496 1386 1593 praebere

164 1626 248 1687 sunt
264 1623 412 1686 conata.
445 1611 530 1685 Non
554 1610 662 1709 igitur
689 1615 819 1684 mirum
852 1625 907 1685 est
934 1616 965 1684 si
992 1617 1242 1710 grammaticis
1262 1612 1385 1686 multis

163 1731 315 1830 primum
336 1729 442 1828 hujus
471 1733 615 1830 generis
640 1728 826 1826 exemplar
843 1753 923 1802 esse
937 1728 1015 1803 visa
1033 1741 1088 1802 est
1107 1729 1205 1828 quod
1221 1730 1268 1802 ab
1301 1732 1384 1804 His·

163 1845 268 1945 panis
307 1844 556 1944 «picaresco»
590 1857 749 1918 vocatur.
784 1845 1006 1918 Dramaticis
1024 1856 1148 1918 tamen
1169 1850 1206 1918 in
1226 1845 1383 1944 dialogis

163 1961 362 2060 inquibus
397 1973 483 2036 ante
515 1961 607 2060 [ope
637 1961 682 2033 de
721 1961 815 2059 Vega
848 1962 952 2057 quasi
987 1959 1196 2058 imperfecta
1215 1961 1279 2034 sed
1299 1987 1383 2036 vera

166 2078 358 2151 comoediae
381 2075 520 2176 species
541 2079 716 2174 apparuit,
742 2099 860 2172 pauca
878 2089 963 2148 sunt
994 2101 1074 2174 quae
1103 2099 1177 2149 non
1200 2077 1382 2150 Fernandi

162 2196 207 2267 de
224 2191 339 2293 Rojas
359 2191 569 2267 memoriam
588 2191 777 2265 reducant.
800 2191 910 2283 Quod
931 2204 1153 2288 compertum
1179 2192 1331 2264 habebis
1350 2197 1381 2266 si

163 2309 347 2408 Ecglogas
365 2307 541 2382 evolveris
559 2331 652 2405 quas
664 2307 774 2407 Juan
788 2307 852 2380 del
864 2306 1012 2380 Encina
1028 2306 1260 2382 millesimum
1277 2309 1380 2406 quin·

161 2429 406 2522 gentesimum
425 2435 506 2520 post
525 2447 664 2496 annum
695 2426 816 2496 aetatis
836 2434 966 2495 nostrae
985 2429 1202 2521 composuit.
1226 2425 1303 2498 Nec
1323 2450 1381 2498 me

159 2541 251 2638 lugit
282 2539 384 2612 illum
412 2543 450 2612 in
482 2539 588 2612 ltalia
608 2563 682 2611 non
709 2537 837 2611 frustra
857 2550 1036 2612 moratum
1063 2565 1142 2613 esse
1166 2543 1298 2638 quippe
1317 2545 1379 2638 qui

162 2659 292 2732 Romae
311 2655 390 2728 sine
409 2655 522 2728 dubio
550 2654 766 2729 labularium
793 2680 1027 2753 personarum
1060 2657 1218 2730 studium
1253 2679 1381 2730 conce·

158 2776 248 2870 perit
278 2785 313 2844 et
341 2769 492 2844 fortasse
525 2797 685 2846 amorem
716 2769 967 2845 subtilioribus
1004 2771 1194 2845 munditiis
1230 2776 1380 2872 pingere

156 2887 356 2961 edocuerit.
376 2886 469 2960 Cum
485 2890 583 2960 enim
600 2885 745 2984 Cupido
765 2885 925 2960 Febeam
941 2885 988 2959 ab
1008 2885 1131 2959 inleris
1150 2892 1287 2960 excitat
1308 2890 1376 2984 (1),

155 3017 193 3078 et
220 3005 348 3078 Venus
381 3002 585 3078 lacrimanti
617 3003 765 3101 jamque
794 3001 964 3076 morituro
991 3001 1113 3100 juveni
1147 3016 1295 3102 apparet
1320 3008 1378 3077 cui

158 3142 244 3193 mox
257 3119 460 3192 Mercurius
478 3117 650 3192 dilectam
670 3118 829 3216 puellam
849 3117 895 3190 ad
924 3122 1037 3192 vitam
1060 3131 1265 3194 revocatam
1295 3118 1379 3191 rele-

157 3249 210 3310 ret
232 3237 301 3333 (2),
337 3261 461 3310 nonne
490 3233 721 3310 manifestum
750 3247 805 3310 est
841 3235 928 3309 deos
960 3259 1088 3308 omnes
1121 3234 1250 3307 illose
1287 3248 1381 3308 terra

157 3355 300 3426 venisse
319 3354 356 3424 in
373 3376 446 3448 qua
461 3376 602 3448 semper
619 3350 845 3425 floruerunt?
871 3348 980 3424 Haud
1018 3349 1168 3424 aliunde
1199 3350 1379 3448 proiectus

156 3480 210 3540 est
241 3466 437 3558 Cardemir,
468 3472 545 3566 qui,
574 3467 611 3540 in
638 3467 803 3566 Ecgloga
824 3465 994 3541 «Filena
1014 3496 1033 3537 »
1054 3469 1239 3565 inscripta,
1262 3467 1380 3540 verbis

156 3586 266 3657 utitur
297 3582 344 3655 ad
378 3583 568 3658 mulierum
606 3583 753 3658 laudem
782 3581 1054 3680 suscipiendam
1081 3609 1162 3682 quae
1194 3583 1378 3656 Petrarcbi

155 3698 281 3796 spiritu
294 3698 418 3772 afflata
432 3725 512 3773 esse
531 3699 727 3774 videntur?

203 3814 353 3889 Nullum
370 3830 493 3888 tamen
513 3819 723 3912 scriptorem
744 3819 863 3913 magis
880 3815 990 3916 Juan
1009 3815 1072 3888 del
1090 3814 1238 3889 Encz'na
1259 3819 1378 3897 imita·

159 3942 214 4004 tus
228 3942 285 4003 est
319 3955 429 4028 quam
465 3929 696 4004 Fernandum
729 3932 772 4002 de
801 3930 927 4027 RojaS,
951 3929 1157 4004 novissimis
1186 3930 1315 4002 saltem
1343 3929 1380 4002 in

158 4050 229 4119 suis
251 4045 437 4143 Ecglogis.
463 4045 575 4144 Cujus
603 4071 678 4118 non
696 4046 814 4120 solum
847 4049 1005 4136 virtutes,
1047 4045 1111 4120 sed
1145 4049 1256 4120 etiarn
1293 4045 1378 4120 vitia

159 4165 343 4258 expressit,
367 4166 455 4250 sive,
479 4189 554 4235 non
573 4166 654 4236 sine
671 4161 848 4259 jactantia
881 4161 1016 4260 aliqua,
1053 4161 1246 4235 molestam
1261 4174 1379 4236 osten·
1444 4217 1446 4222 -

160 4281 246 4351 tavit
280 4278 535 4366 eruditionem,
570 4277 644 4351 sive
664 4281 817 4351 curiosis
840 4290 875 4350 et
896 4281 1005 4350 nimis
1038 4279 1229 4376 exquisitis
1263 4277 1381 4350 verbis

160 4397 402 4492 potiusquam
422 4393 576 4493 propriis
605 4409 641 4467 et
668 4392 894 4492 simplicibus
913 4417 1001 4466 usus
1019 4405 1085 4482 est,
1119 4397 1194 4466 sive
1223 4392 1380 4491 denique

189 4615 222 4678 (ι)
238 4605 341 4678 Egloge
354 4616 480 4666 Crielt'no.

185 4691 221 4760 (2)
235 4686 338 4760 Egloge
349 4697 458 4746 Placide
465 4713 486 4761 y
502 4695 643 4748 Vitorians.
