3416 5460
770 605 930 672 ψ.
1038 632 1040 640 s

228 777 314 827 suas
334 767 496 852 pastores
516 756 673 849 ipsorum
694 755 938 848 cogitationes
954 749 1072 824 verbis
1098 749 1247 823 reddere
1275 747 1338 821 sed
1367 771 1452 846 quae

229 869 387 943 dicenda
406 867 478 940 illis
496 883 605 966 poeta
625 866 835 964 imposuerit
849 880 886 940 et
902 891 976 940 non
997 891 1064 940 suo
1083 869 1234 939 nomine
1249 863 1315 938 sed
1329 875 1450 961 poetae

228 987 308 1058 vice
325 984 424 1083 loqui
440 983 642 1057 videantur.
671 985 842 1080 Denique
867 1007 1034 1080 personae
1060 1007 1144 1080 quae
1166 979 1316 1077 dialogo
1347 981 1454 1050 inter·

162 1189 169 1200 .
229 1115 315 1174 sunt
331 1099 433 1174 nulla
454 1103 548 1172 inter
561 1125 600 1174 se
618 1097 1087 1186 dissimilitudinediscreti,
1110 1095 1279 1171 eumdem
1302 1093 1453 1167 releren-

229 1199 368 1290 tes'vel
403 1214 592 1312 cogitandi
612 1215 668 1290 vel
694 1214 867 1312 loquendi
891 1212 1070 1303 habitum,
1104 1213 1151 1286 ab
1186 1211 1256 1285 hac
1281 1208 1455 1284 varietate

231 1359 317 1434 quae
337 1332 431 1406 inter
451 1333 618 1406 homines
636 1343 690 1406 est
706 1331 915 1408 abhorrent.
936 1333 1050 1428 Igitur
1070 1330 1127 1405 vel
1144 1335 1182 1404 in
1199 1330 1273 1403 illis
1291 1327 1451 1426 dialogis

231 1451 295 1546 qui
334 1463 496 1545 tempore
536 1447 759 1522 Celestz'nam
792 1464 1016 1544 praecurrunt
1051 1447 1182 1546 lyricus
1202 1449 1454 1544 potiusquam

231 1589 355 1658 scenae
377 1577 484 1637 natus
496 1577 603 1662 poeta
617 1564 725 1664 Juan
740 1563 802 1636 del
814 1563 852 1636 E
853 1561 962 1636 ncr'ua
977 1563 1170 1637 videbitur.

283 1678 350 1753 llla
382 1683 589 1754 necessario
608 1691 712 1753 erant
731 1677 887 1752 dicenda
906 1683 1116 1778 priusquam
1139 1679 1320 1753 Fernandi
1343 1685 1454 1754 nostri

232 1795 459 1894 colloquium
480 1801 706 1894 attingamus
726 1800 763 1870 in
784 1821 857 1895 quo
886 1808 1015 1869 natura
1037 1797 1284 1893 Hispanorum
1310 1801 1457 1895 propria

230 1955 280 1968 -
300 1913 345 1986 de
370 1939 443 2011 qua
464 1912 574 2010 paulo
598 1925 684 1986 ante
716 1911 874 1985 diximus
902 1955 946 1968 -
971 1937 1050 1985 sese
1075 1911 1223 1984 liberius
1243 1911 1450 2009 patefaciet.
1507 1955 1510 1968 ·

232 2032 408 2102 Attamen
424 2054 498 2102 non
514 2027 632 2102 solum
655 2026 850 2114 coloribus,
875 2038 913 2100 ut
935 2031 985 2101 ita
1004 2025 1136 2115 dicam,
1158 2026 1456 2126 hispaniensibus

236 2143 428 2217 Celestina
461 2143 723 2234 illustrabitur;
755 2143 819 2216 sed
849 2147 959 2216 etiam
989 2157 1025 2216 et
1053 2146 1266 2240 praesertim,
1309 2145 1455 2216 remotis

232 2284 319 2355 quae
353 2275 555 2357 temporum
587 2289 605 2330 <r
630 2259 826 2332 mediiaevi
852 2273 1183 2356 »nuncupatorum
1210 2262 1352 2356 propria
1389 2272 1454 2333 aut

232 2373 440 2448 fabularum
459 2401 479 2448 e
501 2375 676 2472 religione
700 2387 857 2448 ortarum
888 2374 1086 2472 peculiaria
1114 2386 1248 2464 essent,
1283 2378 1450 2473 primum,

232 2493 477 2563 recentiorum
492 2490 621 2564 saltem
638 2495 731 2564 inter
745 2489 937 2564 theatralia
953 2515 1076 2587 opera,
1100 2515 1182 2564 vere
1206 2504 1242 2564 et
1262 2489 1371 2588 plane
1385 2503 1455 2563 tra-

228 2607 357 2701 gicum
378 2605 527 2702 spirabit
546 2621 580 2680 et
599 2631 788 2704 expressas
807 2633 827 2680 c
854 2605 929 2680 vita
959 2619 994 2680 et
1026 2608 1177 2680 veritate
1206 2605 1456 2680 redundantes

230 2744 410 2818 personas
424 2719 584 2820 effingat.
1039 2713 1043 2726 ’
