3424 5464
751 475 909 542 -15-
994 537 996 544 .

218 619 311 694 quas
339 595 543 669 meridiana
575 613 658 692 pars
690 595 879 671 Gallorum
912 595 994 670 haec
1027 598 1123 668 circa
1166 607 1330 695 tempora
1357 597 1440 672 tulit

218 737 383 810 quasque
419 712 609 788 Gancelmo
641 714 684 785 de
713 713 749 786 F
749 711 858 811 aydit
890 725 926 785 et
957 713 1147 787 Garsendci
1179 715 1223 785 de
1243 700 1387 787 Subran¹
1405 727 1439 788 et

213 827 381 900 Arnaldo
407 825 551 900 Daniel
565 839 601 899 et
631 829 752 927 Roger
770 829 815 900 de
834 828 1022 902 clermont
1054 826 1220 901 docuisse
1254 827 1434 903 dicuntur.

217 943 260 1016 Si
277 947 338 1041 qui
360 955 501 1041 poetae,
523 956 562 1017 ut
580 942 646 1017 luit
668 943 808 1018 Giraut
823 942 983 1041 Riquier
999 968 1020 1016 e
1040 942 1271 1018 Narbonensi
1289 945 1436 1020 civitate

216 1059 402 1148 oriundus,
427 1062 457 1132 si
478 1062 539 1158 qui
551 1058 775 1158 joculatores
795 1084 876 1132 cum
897 1058 1026 1156 plausu
1056 1063 1093 1130 in
1130 1059 1309 1156 Hispania
1339 1065 1436 1134 circa

214 1178 359 1250 tertium
397 1174 577 1248 decimum
622 1175 798 1249 saeculum
833 1174 972 1272 excepti
1019 1189 1115 1260 sunt,
1162 1201 1348 1273 nunquam
1388 1177 1434 1250 ad

215 1291 409 1365 theatralia
437 1317 547 1390 opera
573 1317 652 1365 sese
685 1291 945 1382 intenderunt;
969 1317 1047 1380 nec,
1068 1291 1251 1366 siluerint
1275 1295 1434 1388 apoetis

216 1433 307 1506 quos
336 1397 540 1505 nuperrime
574 1411 760 1481 nominavi
792 1406 893 1480 allati
930 1405 1080 1503 quidam
1112 1407 1157 1480 ad
1181 1431 1329 1479 scenam
1358 1411 1433 1504 apti

213 1548 348 1614 versus
367 1521 420 1594 illi
445 1521 553 1596 simul
569 1535 679 1619 atque
700 1521 953 1619 Albigensium
974 1520 1152 1595 doctrinae
1168 1527 1328 1621 oppressi
1349 1535 1434 1598 sunt

213 1665 332 1736 neque
347 1638 548 1740 quidquam
567 1637 792 1712 auctoritatis
812 1641 850 1708 in
868 1637 1050 1734 Hispania
1070 1650 1197 1735 postea
1210 1638 1382 1712 habuere.
1437 1676 1440 1680 ·

263 1754 302 1827 ld
313 1780 397 1828 vero
406 1779 524 1852 genus
535 1752 670 1828 fabulae
683 1751 780 1852 quod
797 1751 974 1853 mysterii
988 1756 1209 1850 cognomine
1222 1780 1242 1826 e
1257 1753 1433 1851 religione

213 1871 401 1943 materiam
431 1871 531 1946 ducit
557 1883 591 1944 et
611 1875 766 1968 primum
795 1873 834 1942 in
861 1869 978 1943 lucem
998 1870 1176 1967 prolatum
1211 1883 1266 1944 est
1302 1883 1338 1944 et
1371 1870 1434 1944 diu

212 1991 320 2060 vivax
348 1985 479 2076 lloruit,
513 1985 798 2086 haudquaquam
830 1984 957 2058 habitu
976 1989 1129 2083 pristino
1160 1998 1359 2060 ceterarum
1396 2000 1432 2060 et

211 2127 393 2177 sacrarum
420 2101 622 2176 labularum
657 2101 833 2175 dissimile
871 2101 1011 2176 videtur
1043 2129 1127 2199 quae
1154 2115 1230 2176 tum
1268 2102 1448 2200 undique-

211 2218 308 2315 apud
336 2243 463 2292 omnes
475 2218 651 2316 Europeae
671 2225 800 2315 gentes
819 2217 1088 2290 exoriebantur.
1117 2219 1289 2291 Attamen
1304 2217 1431 2292 notum

200 2321 343 2409 'Poema
361 2337 404 2406 de
420 2334 471 2406 los
491 2335 608 2434 Reyes
626 2336 757 2436 Magos
773 2335 822 2432 (r)
854 2345 916 2406 aut
944 2332 1007 2405 illa
1035 2333 1337 2431 Representacion
1372 2334 1435 2406 del

208 2449 441 2525 Nacimiento
472 2453 526 2547 (a)
557 2477 667 2550 quam
708 2453 840 2526 Gonzea
887 2448 1085 2546 Maurique
1122 2454 1160 2522 in
1207 2454 1430 2524 monasterio

209 2567 460 2640 Calabaaanos
478 2568 600 2640 docuit
621 2566 776 2664 legentis
795 2569 920 2638 animo
940 2564 1080 2663 aliquid
1100 2565 1302 2664 simplicius
1322 2567 1429 2666 simul

207 2693 319 2779 atque
353 2681 547 2756 catholicae
562 2681 646 2755 fidei
668 2682 785 2780 magis
813 2694 1100 2755 consentaneum
1129 2677 1297 2756 offerunt.
1325 2682 1431 2755 Circa

207 2795 380 2870 Natalem
410 2782 442 2896 J
471 2799 514 2872 C.
541 2797 638 2870 diem
661 2798 857 2872 crebriores
885 2795 1020 2870 labulae
1043 2801 1081 2869 in
1112 2797 1292 2895 Hispania
1319 2823 1429 2897 quam

206 2917 247 2984 in
273 2913 414 3012 reliqua
438 2917 582 3012 Europa
610 2919 800 3006 exsistunt,
824 2938 960 3012 easque
979 2939 1062 2986 cum
1083 2913 1429 3011 summadiligentia

204 3053 420 3127 summoque
454 3056 570 3104 rerum
603 3055 784 3104 sacrarum
801 3029 921 3102 studio
954 3043 1125 3126 exceptas
1146 3055 1225 3102 esse
1248 3029 1321 3126 jam
1342 3043 1428 3104 ante
1521 3083 1523 3088 ,

204 3143 366 3217 medium
386 3151 530 3219 tertium
559 3145 740 3248 decimum
774 3144 949 3218 saeculum
973 3143 1232 3217 documentum
1266 3144 1428 3242 praebere

202 3285 394 3357 possumus
433 3262 489 3335 vel
535 3261 882 3357 locupletissimum,
926 3262 1065 3334 scilicet
1124 3259 1225 3333 illam
1271 3264 1425 3358 primam

204 3377 439 3450 «Partida»
477 3381 574 3476 regis
616 3378 795 3476 Alphonsi
850 3378 1037 3475 Sapientis
1087 3378 1153 3472 (3).
1198 3376 1299 3449 lllius
1344 3403 1427 3450 vero

75 3573 77 3578 ,
201 3493 405 3568 tabularum
424 3499 569 3592 generis
591 3494 724 3568 diutius
751 3507 930 3568 amatores
950 3493 1045 3567 luere
1064 3495 1248 3590 Hispani.
1262 3493 1426 3591 quando·

201 3609 350 3708 quidem
365 3635 463 3683 anno
475 3610 862 3684 MCCCCLXXXVll
879 3613 916 3682 in
931 3609 1067 3708 templo
1084 3609 1224 3682 Sancto
1241 3608 1423 3684 Salvatori

201 3728 443 3825 Zaragosensl
465 3728 587 3802 dicato
599 3729 725 3801 datum
745 3740 799 3799 est
813 3726 991 3824 ejusmodi
1009 3725 1257 3823 spectaculum
1279 3725 1366 3824 deJ.
1382 3725 1424 3799 C.

201 3857 385 3934 nascente,
411 3871 478 3918 nec
512 3849 591 3919 sine
625 3843 810 3931 cantibus,
845 3843 945 3940 quod
981 3843 1106 3915 Maesa
1137 3843 1228 3914 l'ust
1247 3841 1293 3913 ad
1323 3865 1426 3938 reges

201 3957 434 4034 Fernandum
478 3976 513 4034 et
559 3959 738 4034 lsabelam
784 3958 829 4032 de
867 3957 940 4031 fide
984 3955 1184 4030 christiana
1223 3956 1427 4029 monendos

199 4078 401 4174 scripserat.
418 4078 515 4170 Quae
532 4081 578 4151 sit
597 4077 689 4149 fides
709 4101 820 4173 quam
835 4074 946 4172 vulgo
962 4073 1184 4147 catholicam
1196 4059 1423 4170 nuncupant,

199 4194 239 4262 in
273 4191 329 4264 his
361 4219 452 4292 quas
485 4192 688 4268 docuerunt
723 4193 881 4290 Hispani
917 4189 963 4262 de
1002 4189 1110 4263 rebus
1143 4193 1256 4262 sacris
1293 4184 1450 4262 fabulis.

198 4311 317 4382 verius
335 4322 371 4382 et
385 4309 530 4407 planius
558 4333 779 4408 cognoscere
804 4307 930 4380 licebit
964 4311 1092 4380 necin
1112 4306 1195 4379 ullis
1227 4318 1425 4378 ceterarum

196 4423 362 4520 gentium
383 4425 517 4500 labulis
538 4425 630 4499 adeo
646 4429 793 4498 sincera
804 4427 1012 4522 reperietur.

231 4671 268 4736 (1)
283 4672 441 4723 Undecimo
457 4674 553 4724 saeculo
568 4681 661 4724 ortum.

230 4752 268 4816 (a)
286 4753 353 4816 Quoe
376 4768 390 4802 r<
403 4756 602 4818 representacion
613 4772 626 4806 u
637 4753 726 4820 quinto
742 4753 848 4805 decrmo
859 4751 954 4804 saeculo
965 4761 1022 4802 acta
1036 4759 1082 4802 est.

233 4833 269 4898 (3)
285 4833 325 4884 Cf.
341 4834 492 4900 leyxxxrv„
508 4836 547 4887 rit.
564 4849 600 4886 vr.
