3416 5460
181 753 269 803 num
310 729 522 803 munificum
552 731 752 826 saepissime
781 729 963 826 experitur
992 738 1029 799 et
1060 724 1129 798 sibi
1158 724 1403 824 gratulantem

179 843 278 944 quod
311 843 564 918 fidelissimum
612 847 817 916 ministrum
865 839 1012 914 habeat.
1046 843 1208 914 ‘Interea
1249 843 1403 946 propriis

180 959 366 1034 amoribus
405 959 571 1058 indulget
619 963 777 1057 optimus
808 969 930 1031 noster
965 955 1134 1046 ramulus,
1170 967 1206 1029 et
1243 955 1403 1055 quaesitis

180 1088 378 1150 attentusa
395 1075 599 1173 sumptibus
619 1100 712 1174 quos
727 1099 850 1147 secum
869 1072 957 1147 lerre
976 1072 1069 1146 solet
1088 1074 1267 1146 amatoria
1286 1070 1401 1146 libido

179 1188 299 1290 lepide
325 1191 505 1282 avertitur,
525 1204 560 1265 et
591 1195 753 1288 integros
784 1193 822 1262 in
849 1189 978 1262 loculis
1011 1213 1180 1262 nummos
1209 1187 1333 1278 habet,
1362 1201 1402 1263 ut

178 1307 300 1381 senior
317 1306 435 1382 lactus
449 1313 575 1382 omnia
594 1307 641 1380 ad
669 1306 762 1380 bene
781 1306 958 1404 beateque
977 1305 1173 1380 vivendum
1194 1309 1401 1380 necessaria

178 1422 320 1497 affatim
335 1439 546 1524 suppetant.
570 1424 611 1498 Si
632 1450 723 1522 opus
738 1435 804 1510 est,
835 1449 909 1495 non
938 1421 1159 1520 dedignatur
1174 1432 1297 1495 noster
1316 1447 1398 1495 cum

178 1538 264 1612 lena
295 1540 454 1638 quadam
498 1545 709 1613 societatem
750 1543 937 1612 instituere
970 1550 1007 1611 et
1036 1564 1081 1610 ex
1114 1535 1177 1610 illa
1221 1549 1398 1636 questum

178 1654 391 1752 ampliorem
425 1655 570 1730 ducere.
600 1655 642 1728 Si
677 1679 772 1744 vero,
808 1667 847 1728 ut
873 1654 914 1728 fit
947 1655 1150 1750 saepissime
1183 1655 1326 1751 quoties
1351 1653 1399 1728 de

176 1783 317 1868 quaestu
340 1797 421 1844 cum
442 1771 505 1843 illo
528 1795 661 1867 genere
680 1769 897 1843 feminarum
922 1773 1054 1866 agitur,
1082 1767 1152 1842 sibi
1173 1791 1297 1866 rapere
1315 1767 1398 1866 plus

175 1911 287 1984 quam
300 1885 428 1960 deceat
453 1909 545 1960 anus
564 1911 676 1983 rapax
691 1899 821 1969 tentat,
837 1913 911 1959 non
938 1889 969 1958 is
1000 1897 1054 1958 est
1074 1895 1196 1970 noster
1206 1883 1315 1958 homo
1333 1888 1397 1984 qui

176 1999 331 2076 libenter
364 2001 503 2100 aliquid
533 2001 602 2075 sibi
640 2001 781 2075 detrahi
822 2005 980 2100 patiatur
1003 2001 1087 2099 :jus
1125 2025 1229 2074 suum
1269 1998 1398 2096 repetit

174 2113 360 2215 fidemque
386 2117 510 2192 datam
535 2118 747 2192 obtestatur.
772 2119 901 2190 Evenit
920 2142 1014 2214 saepe
1029 2129 1067 2190 ut
1083 2115 1165 2188 lena
1190 2114 1395 2189 adsuetam

176 2245 290 2305 artem
330 2232 495 2308 decurrat
531 2247 593 2324 et„
615 2233 814 2307 retinendae
852 2237 1026 2332 pecuniae,
1056 2231 1101 2306 de
1141 2258 1214 2336 qua
1243 2235 1391 2322 rixatur,

176 2373 300 2438 causa,
320 2353 517 2423 meretricis
532 2374 661 2447 eorpus
676 2349 721 2422 ad
737 2347 841 2422 libita
859 2349 984 2422 famuli
999 2346 1288 2422 submittendum
1316 2370 1395 2444 pro·

178 2467 324 2554 mittat,
353 2464 482 2538 abnuit
498 2491 581 2539 vero
597 2464 754 2538 famulus
773 2477 895 2538 noster
918 2477 953 2537 et
982 2462 1154 2537 dentibus
1182 2461 1395 2536 infrendens

176 2579 425 2655 machaerame
443 2585 579 2678 vagina
597 2585 703 2680 eripit
724 2607 802 2670 nec,
823 2579 891 2654 nisi
912 2579 1063 2654 redditis
1093 2581 1265 2665 nummis,
1290 2576 1394 2651 dubi·

175 2693 269 2770 tabit
289 2695 410 2770 lenam
428 2697 628 2770 interficere
648 2731 655 2788 ;
697 2723 769 2795 qua
789 2695 980 2770 interiecta
994 2695 1069 2769 fieri
1086 2706 1203 2792 potest
1223 2705 1262 2767 ut
1281 2692 1342 2766 ille
1355 2696 1395 2766 in

174 2835 319 2884 crucem
338 2811 496 2904 tollatur,
531 2817 560 2886 si
587 2812 684 2887 mala
710 2817 768 2886 avi
794 2795 901 2886 natus
920 2823 996 2902 est,
1019 2815 1048 2884 si
1075 2836 1159 2884 vero
1185 2809 1303 2884 lausto
1325 2808 1394 2882 hoc

172 2925 287 3023 egerit
306 2925 448 3002 lacinus
463 2931 598 3019 omine,
615 2929 688 3027 jam
710 2929 762 3002 illi
786 2932 912 3002 omnia
925 2927 1038 3025 plana
1052 2941 1156 3000 erunt
1183 2938 1220 3000 et
1242 2923 1394 3000 fortunae

171 3040 270 3115 filius
289 3041 365 3138 jure
387 3042 646 3141 perhibebitur.

224 3157 279 3231 llli
310 3158 436 3234 lamuli
469 3159 679 3234 industriosi
708 3159 814 3235 simul
834 3173 869 3233 et
892 3159 1041 3233 solertes
1065 3171 1101 3232 et
1135 3158 1268 3257 quibus
1300 3155 1393 3230 nihil

171 3277 293 3346 sancti
322 3287 413 3366 erat,
442 3301 523 3350 cum
564 3281 602 3350 in
638 3277 784 3352 ltaliam
810 3275 950 3350 devecti
980 3276 1145 3366 luissent,
1187 3273 1393 3347 solertiores
1490 3267 1491 3270 '

172 3387 340 3462 dolorum
373 3404 409 3462 et
436 3395 658 3465 comicarum
693 3391 944 3465 machinarum
972 3391 1132 3466 artifices
1169 3389 1278 3488 paulo
1311 3400 1393 3487 post

171 3502 257 3576 lacti
269 3517 364 3592 sunt,
382 3529 621 3605 saporemque
635 3507 806 3580 rusticum
822 3533 930 3604 quern
943 3506 1039 3603 apud
1056 3508 1243 3604 Hispanos
1258 3503 1393 3580 habue-

172 3632 255 3691 rant
274 3645 415 3693 exuere.
438 3621 525 3694 Mox
547 3627 584 3694 in
601 3623 772 3712 Galliam¹
787 3635 1033 3721 penetravere,
1057 3621 1180 3720 ibique
1200 3609 1268 3694 sub
1284 3623 1393 3693 variis

172 3758 238 3805 seu
258 3732 410 3831 Scapini
427 3761 492 3808 sen
521 3739 719 3812 Mascarilli
741 3737 950 3812 nominibus
969 3737 1159 3836 praeclaras
1179 3735 1234 3811 vel
1270 3738 1391 3832 potius

171 3852 307 3946 primas
335 3868 466 3948 partes,
491 3857 529 3925 in
550 3854 607 3926 his
641 3855 835 3928 comoediis
859 3878 951 3952 quas
975 3854 1195 3952 exemplaria
1220 3851 1392 3926 Italorum

170 3968 286 4038 secuti
325 3970 436 4038 nostri
470 3982 584 4064 poetae
630 3970 833 4057 ediderunt,
872 3969 1074 4043 obtinuere.
1107 3969 1280 4042 Attamen
1308 3992 1393 4041 vera

170 4105 295 4154 eorum
317 4081 436 4178 proles
457 4087 551 4158 intra
566 4084 657 4159 fines
683 4086 871 4183 Hispaniae
898 4083 1096 4182 permansit
1121 4109 1194 4158 non
1215 4083 1332 4156 solum
1353 4086 1392 4155 in

170 4194 306 4269 fabulis
329 4196 375 4269 ad
413 4223 561 4272 scenam
600 4201 895 4286 accommodatis
936 4201 999 4274 sed
1034 4203 1145 4274 etiam
1175 4203 1211 4272 in
1242 4197 1298 4271 his
1329 4197 1391 4272 ubi

171 4310 380 4408 legentibus
411 4339 475 4386 seu
512 4316 740 4412 ignobilium,
781 4343 845 4390 seu
872 4337 1031 4413 nequam
1069 4315 1257 4388 hominum
1295 4315 1398 4388 lacta

173 4439 384 4517 narrantur;
403 4433 441 4500 in
458 4429 515 4503 his
534 4437 633 4504 enim
650 4433 771 4534 longis
786 4431 1055 4506 narrationibus
1068 4434 1253 4528 propriam
1287 4430 1390 4504 indo-

173 4541 244 4613 lem
265 4543 501 4618 ostentabunt
521 4545 645 4620 lamuli
668 4547 829 4646 fientque
848 4547 954 4622 simul
975 4547 1143 4622 socordes
1162 4560 1198 4620 et
1230 4545 1389 4644 superbi,

171 4681 252 4730 sese
289 4682 396 4754 supra
431 4664 621 4756 pristinam
656 4677 692 4736 et
730 4663 903 4736 humilem
937 4663 1187 4736 conditionem
1225 4661 1390 4736 attollere

169 4771 413 4864 conabuntur,
433 4801 560 4876 resque
584 4778 676 4856 bene
697 4780 800 4857 cedet
822 4778 908 4880 quia
928 4778 1129 4858 subtilitate
1149 4782 1290 4875 ingenii
1310 4777 1388 4852 treti
