3424 5464
886 423 1046 488 ..50-

355 568 518 643 resistere
537 568 670 644 valeati
693 568 777 661 Quo
801 571 898 640 enim
920 570 1030 643 modo
1045 568 1205 641 candida
1223 581 1259 642 et
1285 572 1426 666 optima
1456 553 1575 666 puella

355 685 452 758 len'ae
477 687 692 782 pravitatem
724 696 760 756 et
784 687 955 757 astutiam
976 687 1253 782 suspicaretur?
1273 684 1361 757 Mox
1382 689 1494 782 igitur
1510 690 1573 760 irae

353 826 434 874 eam
453 803 607 898 poenitet
627 811 661 872 et
682 798 914 897 pulcherrimi
942 799 1085 872 miseret
1107 799 1249 897 juvenis
1278 800 1423 874 occulto
1449 803 1574 876 morbo

352 919 552 989 morientis,
576 915 709 988 Nonne
739 915 929 990 mulierum
954 914 1096 988 animos
1123 915 1232 1012 plane
1259 915 1447 990 Celestina
1475 922 1574 992 novit

350 1057 435 1130 quae
451 1028 697 1104 misericordia
715 1034 918 1127 praesertim
945 1029 991 1103 ad
1023 1056 1183 1105 amorem
1208 1031 1467 1106 adducuntur?
1488 1033 1569 1106 Non

351 1146 553 1221 funiculum
589 1145 697 1218 modo
736 1149 849 1218 sacris
878 1145 1042 1242 reliquiis
1075 1146 1264 1221 admotum
1308 1160 1343 1220 et
1382 1151 1433 1220 ita
1471 1152 1573 1246 quasi

354 1261 552 1336 remedium
583 1260 717 1334 lactum
749 1260 889 1334 Calisto
915 1260 1077 1334 Melibea
1097 1262 1406 1336 commodandum
1427 1268 1571 1360 patitur,

355 1377 419 1452 sed
434 1381 546 1452 etiam
559 1377 692 1451 vetulae
713 1389 879 1450 sanctam
895 1389 930 1449 et
950 1377 1137 1451 doloribus
1152 1379 1357 1451 medentem
1378 1404 1522 1476 precem
1537 1405 1573 1452 se

354 1479 498 1593 postero
517 1493 575 1566 die
596 1493 760 1566 daturam
782 1491 984 1590 pollicetur.
1015 1494 1115 1566 Heus
1135 1495 1141 1566 l
1159 1507 1295 1567 rectam
1322 1495 1446 1592 puella
1478 1495 1573 1568 viam

353 1609 499 1707 reliquit
520 1613 577 1682 cui
599 1635 696 1682 nunc
712 1607 836 1682 multis
857 1608 1080 1706 argumentis
1102 1635 1192 1707 opus
1213 1625 1267 1684 est
1296 1624 1334 1683 ut
1368 1610 1438 1684 sibi
1474 1611 1574 1684 nullo

353 1725 576 1799 Celestinam
597 1723 707 1798 luisse
733 1723 950 1796 detrimento
972 1725 1202 1821 persuadeat.
1227 1727 1324 1800 Dum
1349 1726 1395 1799 ad
1429 1723 1573 1798 misera-

353 1847 491 1918 tionem
514 1841 629 1916 solam
650 1840 748 1913 allici
768 1844 964 1932 existimat,
987 1839 1160 1914 funestus·
1174 1867 1275 1916 amor
1292 1847 1330 1916 in
1351 1841 1572 1940 imprudenti

350 1971 495 2056 pectore
515 1983 594 2032 sese
615 1959 815 2030 insinuavit
833 1968 869 2029 et
888 1959 1024 2028 sensim
1046 1955 1211 2030 invaluit.
1274 2013 1276 2018 .

397 2073 556 2172 Majores
586 2085 706 2146 autem
742 2071 888 2144 morbus
919 2070 985 2144 ille
1014 2075 1076 2170 qui
1109 2097 1184 2144 non
1221 2070 1341 2144 minus
1372 2073 1574 2170 angoribus

351 2215 461 2289 quam
473 2189 619 2286 gaudiis
631 2187 800 2286 pascitur,
821 2186 975 2284 majores
990 2212 1131 2284 semper
1143 2189 1283 2264 radices
1303 2191 1414 2260 mittit
1430 2189 1575 2262 multos-

352 2333 423 2406 que
444 2304 577 2404 puellae
602 2317 637 2376 et
658 2303 820 2377 diversos
841 2302 984 2375 dolores
1005 2301 1132 2400 injicit.
1169 2304 1265 2396 Quae
1300 2329 1382 2377 cum
1411 2303 1572 2378 vicissim

351 2425 476 2495 nescio
491 2420 579 2518 quid
599 2432 698 2516 optet
713 2432 749 2494 et
761 2431 909 2522 metuat,
930 2418 1134 2492 concitatos
1150 2421 1270 2493 cordis
1285 2434 1404 2494 motus
1419 2419 1573 2518 perferre

350 2563 424 2611 non
440 2551 557 2636 potest
576 2549 612 2608 et
629 2564 650 2608 a
665 2535 851 2608 Celestina
871 2538 961 2630 petit
977 2561 1061 2632 quae
1081 2547 1192 2608 caus'a
1211 2540 1257 2608 sit
1278 2561 1340 2609 cur
1358 2549 1432 2608 tam
1448 2535 1570 2609 turba·

250 2704 253 2708 -
349 2665 423 2726 tam
444 2666 479 2725 et
499 2655 700 2749 inquietam
720 2653 817 2723 vivat
836 2652 963 2720 vitam.
1002 2649 1137 2722 Audito
1171 2665 1317 2748 repente
1342 2649 1572 2747 aegritudinis

348 2793 426 2842 suae
446 2781 481 2842 et
501 2770 650 2839 nomine
678 2778 713 2837 et
745 2765 918 2854 remedio,
943 2768 1097 2861 primum
1120 2766 1245 2840 animo
1264 2766 1430 2840 deficitur
1458 2789 1568 2863 quem

347 2910 431 2958 mox
447 2886 587 2980 recipit,
609 2882 672 2955 sed
691 2880 862 2954 omnibus
880 2880 1016 2954 viribus
1048 2882 1222 2955 nudatum
1250 2895 1286 2956 et
1314 2881 1444 2956 Calisti
1473 2882 1570 2955 desi-

346 3001 446 3074 derio
465 3023 688 3096 oppressum.
724 2995 896 3093 Cupidini
929 2997 1081 3094 posthac
1115 3010 1218 3072 tanto
1252 3002 1370 3099 magis
1404 2997 1570 3072 Melibea

345 3119 495 3189 inservit
529 3124 670 3211 quanto
694 3112 775 3209 plus
808 3112 855 3184 ab
887 3138 929 3184 ea
968 3118 1065 3210 prius
1099 3113 1288 3190 abstinuit.
1334 3113 1430 3188 Toto
1464 3118 1566 3188 enim

345 3245 489 3330 pectore
516 3232 553 3302 in
579 3254 739 3301 amorem
763 3232 832 3302 ruit
851 3233 919 3326 qui
950 3228 1017 3300 nisi
1041 3243 1155 3304 morte
1181 3233 1365 3328 exstingui
1389 3242 1508 3328 potest
1526 3244 1570 3303 ut

346 3351 409 3447 qui
424 3345 552 3446 puellae
573 3357 609 3419 et
628 3344 707 3418 sola
726 3343 840 3441 culpae
855 3370 964 3419 causa
986 3360 1020 3418 et
1038 3349 1142 3431 quasi
1160 3373 1294 3420 novum
1315 3347 1425 3421 decus
1454 3372 1568 3444 appa·

346 3477 423 3537 reat
434 3496 441 3554 ς
460 3488 528 3535 nec
547 3461 659 3557 ullam
680 3474 861 3558 postremo
893 3486 1039 3548 moram,
1051 3466 1250 3561 interponit
1269 3467 1370 3562 quin,
1395 3461 1571 3536 defuncto

347 3579 499 3666 Calist0,
524 3603 606 3652 cum
627 3575 760 3648 dilecto
777 3575 907 3672 juvene
941 3580 970 3647 si
1006 3602 1080 3649 non
1100 3577 1197 3666 vitae,
1226 3589 1263 3650 at
1290 3579 1420 3652 saltem
1441 3581 1571 3650 mortis

344 3721 456 3770 unam
476 3707 511 3768 et
530 3718 671 3789 semper
683 3692 850 3765 eamdem
866 3693 1077 3767 societatem
1105 3707 1222 3768 coeat.

393 3813 479 3886 Non
497 3811 612 3885 solum
629 3833 749 3882 veram
769 3821 804 3882 et
823 3813 1044 3906 exquisitam
1063 3810 1193 3908 puellae
1222 3814 1381 3909 speciem
1401 3809 1569 3886 Melibea

342 3954 412 4026 prae
425 3954 464 4002 se
482 3926 559 4015 lert,
577 3924 640 3998 sed
656 3934 691 3998 et
711 3922 965 4013 dramaticam‚
990 3929 1047 3998 cui
1069 3929 1226 4025 optimos
1253 3938 1289 3999 et
1319 3924 1570 4002 vividissimos

340 4047 495 4140 eriperes
531 4039 669 4113 colores
703 4043 734 4112 si
771 4063 903 4112 cama
938 4039 1067 4117 Calisti
1103 4044 1265 4140 imagine
1293 4066 1497 4116 secerneres
1527 4055 1568 4116 et

338 4155 560 4230 detraheres,
595 4154 694 4248 Quid
725 4157 824 4226 enim
844 4154 975 4229 diversi
1010 4161 1048 4229 in
1083 4157 1245 4231 amando
1274 4169 1426 4256 uterque
1452 4142 1582 4231 sexus'

337 4272 504 4372 praebeat,
530 4296 602 4369 qua
627 4274 731 4343 ¹varia
759 4281 975 4367 tempestate
1006 4271 1120 4346 virilis
1152 4285 1215 4347 aut
1241 4271 1400 4347 leminea
1427 4271 1566 4370 cupido

338 4388 464 4463 ardeat
477 4401 512 4460 et
527 4399 651 4459 aestuet
666 4383 847 4458 subtiliter
865 4389 903 4458 in
931 4386 1123 4461 Celestina
1142 4413 1351 4486 expressum
1370 4413 1449 4464 esse
1471 4388 1565 4464 late·

337 4504 433 4578 beris
445 4507 474 4577 si
496 4528 569 4602 quo
587 4503 624 4575 F
624 4503 782 4575 ernaudo
800 4503 843 4574 de
859 4501 973 4602 Rojas
990 4503 1099 4578 modo
1114 4516 1281 4578 amantes
1298 4504 1448 4602 juvenes
1464 4508 1564 4579 inter

338 4647 376 4694 se
396 4620 588 4719 loquentes
602 4629 656 4692 ter
665 4615 846 4693 effinxerit
864 4617 984 4716 legere
1004 4631 1040 4694 et
1058 4619 1226 4695 meditari
1241 4620 1411 4698 volueris.
1433 4623 1560 4720 Quam
