3416 5460
847 522 1008 588 -24..

319 697 446 748 mensa
482 673 580 767 prius
605 669 779 744 recedunt
808 695 919 768 quarn
948 674 1034 745 vino
1057 682 1091 742 rt
1126 669 1208 742 cibo
1227 681 1444 766 graventur:
1478 695 1548 742 nec

318 785 1548 885 tamenBeneitoejusquesodalesabeuntquinpriusmovendorum

319 903 582 978 cachinnorum
606 906 725 998 gratia
758 902 914 974 dixerint
952 907 1003 974 ita
1035 887 1184 1000 pulchre
1216 914 1361 999 paratos
1382 927 1461 974 esse
1501 901 1550 972 ad

320 1018 464 1092 facilius
507 1018 735 1090 tolerandum
784 1017 927 1114 legibus
976 1019 1152 1091 Ecclesiae
1217 1021 1425 1114 impositum
1474 1017 1547 1089 sibi

322 1135 510 1234 jejunium.
706 1227 709 1232 Ι

372 1249 540 1324 Ceterum
582 1249 665 1322 duae
708 1248 857 1346 Eclogae
896 1274 980 1346 quae
1014 1279 1031 1317 <r
1056 1249 1309 1322 Caucinum»
1357 1249 1409 1320 illi
1450 1273 1552 1320 anno

323 1365 622 1440 MCCCCXCVI
650 1369 746 1462 typis
774 1363 948 1436 mandato
977 1365 1088 1438 finem
1125 1369 1318 1462 imponunt
1352 1365 1497 1462 longius
1530 1391 1552 1436 a

324 1481 457 1555 tabulis
483 1507 612 1578 quaee
645 1481 744 1552 lonte
780 1506 884 1553 sacro
912 1479 1075 1554 fluebant
1112 1481 1305 1568 decedunt,
1347 1485 1458 1554 altera
1492 1480 1553 1552 die

327 1597 440 1671 natali
470 1599 502 1695 J.
530 1597 573 1669 C.
598 1623 696 1668 anno
720 1595 1027 1684 MCCCCXClV,
1053 1597 1166 1669 altera
1184 1596 1420 1692 sul-sequenti
1438 1622 1548 1682 ann0‚

239 1785 240 1790 ,
327 1703 470 1787 εοάεῐη’
486 1713 576 1787 lesto
596 1712 668 1799 die,
697 1725 779 1784 acta
802 1713 866 1808 (r).
894 1714 997 1785 Prior
1013 1713 1119 1785 valde
1150 1719 1283 1788 notris
1308 1713 1555 1810 pastoralibus

327 1828 461 1904 labulis
483 1828 613 1902 similis
633 1841 687 1900 est
711 1841 748 1900 et
768 1831 951 1926 praecipue
968 1832 1160 1902 notissimo
1195 1830 1246 1902 illi
1271 1861 1288 1898 «
1305 1833 1362 1904 Dc
1382 1827 1497 1902 Robr'n
1517 1837 1552 1900 el

328 1943 480 2019 Marion
502 1943 630 2040 »joco
654 1943 770 2018 Nobis
793 1943 891 2015 enim
911 1944 1063 2018 occurrit
1085 1959 1205 2041 pastor
1224 1946 1371 2044 quidam
1405 1949 1555 2017 nomine

329 2059 462 2160 Mz'rzgo
484 2059 558 2158 qui,
595 2059 769 2132 derelicta
790 2085 911 2150 uxore,
946 2061 1164 2158 Pascualam
1190 2062 1357 2159 precibus
1389 2062 1555 2134 obsecrat

331 2191 371 2250 ut
390 2190 426 2249 et
453 2175 531 2272 ipsa
547 2179 641 2248 curis
666 2175 885 2272 respondeat
912 2187 948 2246 et
977 2179 1014 2246 in
1044 2188 1182 2274 partem
1209 2181 1342 2250 amoris
1377 2203 1448 2273 quo
1478 2181 1556 2272 ipse

330 2298 443 2368 uritur
461 2295 599 2366 veniat.
630 2293 724 2365 Ecce
750 2295 917 2390 Armiger
950 2293 1097 2366 advenit
1132 2293 1220 2366 nihil
1251 2295 1349 2367 aliud
1372 2293 1557 2366 meditans

276 2451 278 2456 ·
332 2413 401 2481 nisi
422 2419 461 2481 ut
480 2433 602 2480 secum
636 2408 795 2506 puellam
818 2408 989 2481 abducat.
1021 2410 1129 2482 Hunc
1149 2423 1185 2483 et
1210 2409 1376 2482 lallacem
1399 2410 1558 2506 ideoque

331 2523 545 2621 fugiendum
561 2523 695 2620 puellae
719 2523 852 2624 Mz'rrgo
872 2525 1075 2612 denuntiat,
1100 2539 1134 2598 et
1164 2553 1407 2624 quaecumque
1435 2530 1484 2597 sit
1504 2525 1557 2596 illi

331 2641 480 2714 daturus
501 2641 685 2713 censendo
711 2644 928 2738 exsequitur,
947 2639 1086 2712 scilicet
1106 2653 1141 2714 et
1160 2641 1330 2714 flosculos
1345 2657 1380 2714 et
1394 2667 1504 2738 poma
1523 2655 1560 2713 et

332 2782 417 2829 aves
436 2769 472 2828 et
497 2755 666 2854 quaedam
689 2754 763 2826 alia
783 2788 789 2846 3
812 2755 1061 2852 nequidquam
1082 2791 1088 2846 3
1130 2757 1263 2853 puellae
1284 2763 1381 2830 enim
1402 2761 1562 2852 armiger

333 2871 450 2968 potior
469 2869 611 2943 videtur
648 2874 710 2968 qui
743 2870 960 2966 pastoralem
995 2875 1106 2943 vitam
1142 2899 1249 2968 agere
1284 2874 1455 2945 instituit.
1481 2873 1560 2943 Etsi

334 2986 416 3060 haec
443 2985 581 3082 Ecloga
607 3011 683 3058 non
716 2989 805 3058 satis
831 2986 947 3083 digna
979 2987 1118 3060 videtur
1149 3015 1232 3086 quae
1254 3015 1337 3061 curn
1369 2989 1560 3062 Theocriti

335 3101 483 3200 Eclogis
528 3101 741 3186 conferatur,
779 3128 853 3174 non
892 3115 1015 3174 tamen
1056 3129 1182 3202 sapore
1228 3109 1361 3177 rustico
1388 3117 1486 3176 caret
1525 3114 1563 3174 et

335 3217 515 3290 nonnulla
536 3216 647 3289 h'abet
667 3244 752 3315 quae
774 3230 940 3290 naturam
961 3233 996 3290 et
1020 3220 1204 3292 veritatem
1226 3247 1299 3291 non
1317 3220 1409 3291 clam
1431 3218 1562 3290 relerre

335 3347 371 3406 at
391 3333 520 3406 saltem
540 3337 719 3429 attingere
743 3337 878 3430 saepius
897 3334 1100 3408 videantur.
1134 3335 1284 3409 Eaedem
1309 3338 1367 3408 hae
1389 3360 1561 3432 personae

336 3453 373 3521 in
411 3452 578 3546 sequenti
619 3447 758 3544 Ecloga
802 3476 886 3546 quae
927 3463 1064 3522 ceteras
1104 3455 1182 3522 sinc
1211 3451 1338 3523 dubio
1372 3449 1564 3522 antecellit

335 3567 560 3661 reperiuntur
585 3598 590 3635 :
614 3567 653 3634 in
682 3563 797 3660 priore
817 3578 916 3661 parte
936 3567 1006 3651 vel,
1025 3571 1054 3637 si
1077 3567 1184 3639 liceat
1209 3566 1339 3654 dicere,
1375 3571 1412 3637 in
1441 3569 1563 3662 priore

336 3693 420 3753 actu
448 3683 606 3751 amicum
635 3679 769 3780 Mr'ngo
803 3685 841 3752 in
869 3680 969 3752 aedes
992 3681 1095 3753 ducis
1115 3709 1137 3754 a
1170 3681 1302 3778 quibus
1337 3681 1562 3753 verecundia

336 3795 495 3893 quadarn
530 3799 700 3866 avertitur
721 3795 792 3873 Gz'l
808 3798 862 3892 (2)
885 3800 1019 3868 intrare
1049 3802 1147 3893 cogit
1174 3811 1213 3869 ut
1233 3799 1563 3870 dominisexuvias
1655 3889 1658 3896 .

336 3915 484 4008 pecoris,
516 3909 552 3980 id
568 3923 623 3981 est
644 3909 807 3983 libellum
831 3917 957 4007 inquo
977 3913 1156 4010 Johannis
1186 3916 1248 3984 del
1262 3916 1299 3984 E
1302 3940 1323 3983 rr
1337 3912 1407 3983 uim
1438 3937 1563 3984 versus

337 4030 579 4114 continentur,
618 4025 756 4100 ollerat.
789 4030 882 4101 Turn
912 4029 1097 4100 Pascuala
1116 4044 1151 4100 et
1188 4027 1320 4126 Mz'rrgo
1353 4027 1487 4099 adsunt
1527 4044 1564 4098 et

367 4279 405 4336 (r)
421 4274 573 4337 Quanquam
589 4291 657 4324 anno
673 4273 991 4324 MCCCCLXXXXVlll
1019 4275 1137 4340 Ecglogn
1161 4277 1270 4324 «delas
1299 4277 1413 4336 grandes
1440 4276 1563 4322 Μανίας»

336 4353 406 4402 dicta
418 4361 528 4412 actaest,
539 4370 569 4402 ea
581 4363 620 4403 est
632 4362 719 4402 tamen
736 4371 793 4418 quae
807 4356 879 4419 quasi
892 4355 978 4403 media
991 4356 1171 4418 interquaruor
1183 4355 1277 4418 priores
1295 4366 1318 4402 et
1330 4355 1392 4402 duas
1406 4351 1564 4418 posteriores

335 4433 452 4497 ejusdem
470 4433 724 4495 Cancionerotrqq8)
740 4434 839 4483 labulas
863 4435 930 4483 haud
945 4434 1074 4481 immerito
1102 4434 1230 4482 habeatur.
1256 4434 1386 4499 Angelum
1404 4433 1473 4481 enirn
1491 4433 1515 4480 in
1533 4451 1566 4480 ea

336 4513 479 4562 invenimus
494 4512 544 4577 qui,
559 4529 689 4563 sacrorum
706 4522 884 4578 poematorum
900 4531 978 4570 more,
1006 4522 1093 4562 natum
1110 4530 1166 4562 esse
1184 4513 1344 4562 Salvatorem
1357 4514 1479 4578 praedicat
1495 4533 1501 4574 ;
1516 4514 1565 4560 sed

336 4594 486 4658 plerumque
500 4593 606 4658 prolana
622 4594 756 4659 loquentes
767 4602 791 4643 et
807 4595 879 4642 rudia
890 4605 1005 4658 pastores
1022 4594 1146 4642 audimus.

367 4675 405 4738 (2)
426 4673 476 4736 Qui
499 4675 559 4722 enin
581 4674 607 4722 in
635 4675 719 4739 priore
750 4673 849 4739 Ecloga
871 4673 984 4740 armiger
1009 4681 1107 4722 tanturn
1136 4673 1274 4722 vocabatur
1299 4674 1325 4721 in
1354 4673 1564 4740 posteriore-sic

335 4752 487 4823 appellatur.
1463 4749 1466 4753 ’
