<?xml version="1.0" encoding="UTF-8"?>
<!DOCTYPE html PUBLIC "-//W3C//DTD XHTML 1.0 Transitional//EN"
    "http://www.w3.org/TR/xhtml1/DTD/xhtml1-transitional.dtd">
<html xmlns="http://www.w3.org/1999/xhtml" xml:lang="en" lang="en">
 <head>
  <title>
</title>
<meta http-equiv="Content-Type" content="text/html;charset=utf-8" />
  <meta name='ocr-system' content='tesseract 3.04.00' />
  <meta name='ocr-capabilities' content='ocr_page ocr_carea ocr_par ocr_line ocrx_word'/>
</head>
<body>
  <div class='ocr_page' id='page_1' title='image "./quatenustragico00martgoog_0076.png"; bbox 0 0 3388 5458; ppageno 0'>
   <div class='ocr_carea' id='block_1_1' title="bbox 662 493 819 584">
    <p class='ocr_par' dir='ltr' id='par_1_1' title="bbox 662 493 819 584">
     <span class='ocr_line' id='line_1_1' title="bbox 662 493 819 584; baseline 0 -32"><span class='ocrx_word' id='word_1_1' title='bbox 662 493 819 584; x_wconf 81' lang='lat'>-71&#39;-</span> 
     </span>
    </p>
   </div>
   <div class='ocr_carea' id='block_1_2' title="bbox 32 646 1404 4356">
    <p class='ocr_par' dir='ltr' id='par_1_2' title="bbox 130 646 1348 973">
     <span class='ocr_line' id='line_1_2' title="bbox 132 646 1348 765; baseline -0.002 -25"><span class='ocrx_word' id='word_1_2' title='bbox 132 665 233 741; x_wconf 63' lang='lat' dir='ltr'>latus</span> <span class='ocrx_word' id='word_1_3' title='bbox 265 665 412 741; x_wconf 86' lang='lat' dir='ltr'>lruatur.</span> <span class='ocrx_word' id='word_1_4' title='bbox 441 666 506 740; x_wconf 89' lang='lat' dir='ltr'>Sic</span> <span class='ocrx_word' id='word_1_5' title='bbox 525 679 644 764; x_wconf 71' lang='lat' dir='ltr'>poenae</span> <span class='ocrx_word' id='word_1_6' title='bbox 673 663 753 765; x_wconf 71' lang='lat' dir='ltr'>aliae</span> <span class='ocrx_word' id='word_1_7' title='bbox 780 646 824 737; x_wconf 84' lang='lat' dir='ltr'>eir</span> <span class='ocrx_word' id='word_1_8' title='bbox 844 661 927 736; x_wconf 92' lang='lat' dir='ltr'>aliis</span> <span class='ocrx_word' id='word_1_9' title='bbox 957 674 1150 737; x_wconf 89' lang='lat' dir='ltr'>nectuntur</span> <span class='ocrx_word' id='word_1_10' title='bbox 1176 675 1216 738; x_wconf 94' lang='lat' dir='ltr'>ut</span> <span class='ocrx_word' id='word_1_11' title='bbox 1253 661 1348 738; x_wconf 89' lang='lat' dir='ltr'>cala·</span> 
     </span>
     <span class='ocr_line' id='line_1_3' title="bbox 132 778 1347 882; baseline 0.001 -29"><span class='ocrx_word' id='word_1_12' title='bbox 132 785 274 858; x_wconf 89' lang='lat' dir='ltr'>mitates</span> <span class='ocrx_word' id='word_1_13' title='bbox 303 782 373 856; x_wconf 86' lang='lat' dir='ltr'>illae</span> <span class='ocrx_word' id='word_1_14' title='bbox 393 809 484 882; x_wconf 90' lang='lat' dir='ltr'>quas</span> <span class='ocrx_word' id='word_1_15' title='bbox 511 785 652 880; x_wconf 84' lang='lat' dir='ltr'>antiqui</span> <span class='ocrx_word' id='word_1_16' title='bbox 674 799 788 878; x_wconf 82' lang='lat' dir='ltr'>poetae</span> <span class='ocrx_word' id='word_1_17' title='bbox 809 779 883 854; x_wconf 88' lang='lat' dir='ltr'>lato</span> <span class='ocrx_word' id='word_1_18' title='bbox 909 792 945 853; x_wconf 92' lang='lat' dir='ltr'>et</span> <span class='ocrx_word' id='word_1_19' title='bbox 978 778 1195 853; x_wconf 86' lang='lat' dir='ltr'>immutabili</span> <span class='ocrx_word' id='word_1_20' title='bbox 1225 805 1347 855; x_wconf 89' lang='lat' dir='ltr'>neces·</span> 
     </span>
     <span class='ocr_line' id='line_1_4' title="bbox 130 897 750 973; baseline 0.003 -3"><span class='ocrx_word' id='word_1_21' title='bbox 130 902 234 972; x_wconf 90' lang='lat' dir='ltr'>sitate</span> <span class='ocrx_word' id='word_1_22' title='bbox 248 903 475 973; x_wconf 87' lang='lat' dir='ltr'>intermixtas</span> <span class='ocrx_word' id='word_1_23' title='bbox 495 897 750 972; x_wconf 83' lang='lat' dir='ltr'>ostendebant.</span> 
     </span>
    </p>

    <p class='ocr_par' dir='ltr' id='par_1_3' title="bbox 121 1013 1404 3199">
     <span class='ocr_line' id='line_1_5' title="bbox 175 1013 1346 1112; baseline -0.003 -24"><span class='ocrx_word' id='word_1_24' title='bbox 175 1014 303 1088; x_wconf 85' lang='lat' dir='ltr'>Talem</span> <span class='ocrx_word' id='word_1_25' title='bbox 325 1041 406 1089; x_wconf 92' lang='lat' dir='ltr'>cum</span> <span class='ocrx_word' id='word_1_26' title='bbox 438 1019 629 1112; x_wconf 87' lang='lat' dir='ltr'>scriptores</span> <span class='ocrx_word' id='word_1_27' title='bbox 649 1013 824 1088; x_wconf 88' lang='lat' dir='ltr'>honorem</span> <span class='ocrx_word' id='word_1_28' title='bbox 856 1038 938 1085; x_wconf 92' lang='lat' dir='ltr'>cum</span> <span class='ocrx_word' id='word_1_29' title='bbox 967 1038 1089 1087; x_wconf 88' lang='lat' dir='ltr'>amore</span> <span class='ocrx_word' id='word_1_30' title='bbox 1122 1023 1346 1110; x_wconf 85' lang='lat' dir='ltr'>pugnantem</span> 
     </span>
     <span class='ocr_line' id='line_1_6' title="bbox 127 1129 1346 1228; baseline 0 -28"><span class='ocrx_word' id='word_1_31' title='bbox 127 1129 365 1226; x_wconf 88' lang='lat' dir='ltr'>depinxerint,</span> <span class='ocrx_word' id='word_1_32' title='bbox 397 1131 542 1204; x_wconf 88' lang='lat' dir='ltr'>diversa</span> <span class='ocrx_word' id='word_1_33' title='bbox 591 1143 813 1228; x_wconf 88' lang='lat' dir='ltr'>component</span> <span class='ocrx_word' id='word_1_34' title='bbox 846 1153 957 1227; x_wconf 90' lang='lat' dir='ltr'>opera</span> <span class='ocrx_word' id='word_1_35' title='bbox 997 1141 1033 1201; x_wconf 90' lang='lat' dir='ltr'>et</span> <span class='ocrx_word' id='word_1_36' title='bbox 1066 1131 1232 1202; x_wconf 51' lang='lat' dir='ltr'>scenicis¹</span> <span class='ocrx_word' id='word_1_37' title='bbox 1260 1140 1346 1225; x_wconf 94' lang='lat' dir='ltr'>apta</span> 
     </span>
     <span class='ocr_line' id='line_1_7' title="bbox 127 1242 1345 1343; baseline 0.001 -28"><span class='ocrx_word' id='word_1_38' title='bbox 127 1242 236 1318; x_wconf 91' lang='lat' dir='ltr'>ludis.</span> <span class='ocrx_word' id='word_1_39' title='bbox 278 1247 371 1320; x_wconf 92' lang='lat' dir='ltr'>Cum</span> <span class='ocrx_word' id='word_1_40' title='bbox 416 1261 535 1319; x_wconf 91' lang='lat' dir='ltr'>autem</span> <span class='ocrx_word' id='word_1_41' title='bbox 571 1246 685 1319; x_wconf 92' lang='lat' dir='ltr'>multa</span> <span class='ocrx_word' id='word_1_42' title='bbox 710 1251 784 1318; x_wconf 90' lang='lat' dir='ltr'>sint</span> <span class='ocrx_word' id='word_1_43' title='bbox 815 1243 1007 1318; x_wconf 85' lang='lat' dir='ltr'>theatralia</span> <span class='ocrx_word' id='word_1_44' title='bbox 1030 1268 1177 1343; x_wconf 88' lang='lat' dir='ltr'>genera,</span> <span class='ocrx_word' id='word_1_45' title='bbox 1213 1269 1345 1326; x_wconf 88' lang='lat' dir='ltr'>verone</span> 
     </span>
     <span class='ocr_line' id='line_1_8' title="bbox 127 1358 1342 1458; baseline 0.001 -27"><span class='ocrx_word' id='word_1_46' title='bbox 127 1359 260 1457; x_wconf 85' lang='lat' dir='ltr'>majora</span> <span class='ocrx_word' id='word_1_47' title='bbox 280 1361 401 1434; x_wconf 87' lang='lat' dir='ltr'>dicam</span> <span class='ocrx_word' id='word_1_48' title='bbox 436 1367 465 1434; x_wconf 90' lang='lat' dir='ltr'>si</span> <span class='ocrx_word' id='word_1_49' title='bbox 496 1389 540 1434; x_wconf 87' lang='lat' dir='ltr'>ea</span> <span class='ocrx_word' id='word_1_50' title='bbox 573 1361 620 1434; x_wconf 88' lang='lat' dir='ltr'>ad</span> <span class='ocrx_word' id='word_1_51' title='bbox 646 1359 877 1434; x_wconf 80' lang='lat' dir='ltr'>Celestinam</span> <span class='ocrx_word' id='word_1_52' title='bbox 909 1358 1013 1458; x_wconf 89' lang='lat' dir='ltr'>quasi</span> <span class='ocrx_word' id='word_1_53' title='bbox 1041 1361 1087 1433; x_wconf 90' lang='lat' dir='ltr'>ad</span> <span class='ocrx_word' id='word_1_54' title='bbox 1118 1362 1263 1458; x_wconf 83' lang='lat' dir='ltr'>stirpem</span> <span class='ocrx_word' id='word_1_55' title='bbox 1291 1385 1342 1432; x_wconf 82' lang='lat' dir='ltr'>re·</span> 
     </span>
     <span class='ocr_line' id='line_1_9' title="bbox 127 1474 1342 1574; baseline 0.003 -28"><span class='ocrx_word' id='word_1_56' title='bbox 127 1475 284 1550; x_wconf 75' lang='lat' dir='ltr'>duxero?</span> <span class='ocrx_word' id='word_1_57' title='bbox 299 1477 392 1548; x_wconf 90' lang='lat' dir='ltr'>Mihi</span> <span class='ocrx_word' id='word_1_58' title='bbox 410 1477 557 1574; x_wconf 91' lang='lat' dir='ltr'>quidem</span> <span class='ocrx_word' id='word_1_59' title='bbox 573 1482 663 1550; x_wconf 90' lang='lat' dir='ltr'>satis</span> <span class='ocrx_word' id='word_1_60' title='bbox 678 1487 823 1549; x_wconf 89' lang='lat' dir='ltr'>constat</span> <span class='ocrx_word' id='word_1_61' title='bbox 834 1475 1105 1572; x_wconf 89' lang='lat' dir='ltr'>hispaniensem</span> <span class='ocrx_word' id='word_1_62' title='bbox 1122 1474 1342 1550; x_wconf 86' lang='lat' dir='ltr'>comoediam</span> 
     </span>
     <span class='ocr_line' id='line_1_10' title="bbox 126 1591 1341 1691; baseline 0 -27"><span class='ocrx_word' id='word_1_63' title='bbox 126 1595 226 1689; x_wconf 87' lang='lat' dir='ltr'>quasi</span> <span class='ocrx_word' id='word_1_64' title='bbox 255 1605 367 1665; x_wconf 88' lang='lat' dir='ltr'>totam</span> <span class='ocrx_word' id='word_1_65' title='bbox 408 1621 451 1665; x_wconf 89' lang='lat' dir='ltr'>ex</span> <span class='ocrx_word' id='word_1_66' title='bbox 486 1619 530 1665; x_wconf 85' lang='lat' dir='ltr'>ea</span> <span class='ocrx_word' id='word_1_67' title='bbox 566 1591 735 1691; x_wconf 87' lang='lat' dir='ltr'>pendere.</span> <span class='ocrx_word' id='word_1_68' title='bbox 767 1592 875 1684; x_wconf 82' lang='lat' dir='ltr'>Quod</span> <span class='ocrx_word' id='word_1_69' title='bbox 913 1603 1075 1676; x_wconf 88' lang='lat' dir='ltr'>ceterum</span> <span class='ocrx_word' id='word_1_70' title='bbox 1106 1616 1189 1665; x_wconf 90' lang='lat' dir='ltr'>mox</span> <span class='ocrx_word' id='word_1_71' title='bbox 1213 1591 1341 1665; x_wconf 87' lang='lat' dir='ltr'>confir·</span> 
     </span>
     <span class='ocr_line' id='line_1_11' title="bbox 127 1706 1404 1805; baseline -0.001 -26"><span class='ocrx_word' id='word_1_72' title='bbox 127 1709 254 1799; x_wconf 88' lang='lat' dir='ltr'>mabo;</span> <span class='ocrx_word' id='word_1_73' title='bbox 292 1736 337 1781; x_wconf 92' lang='lat' dir='ltr'>ne</span> <span class='ocrx_word' id='word_1_74' title='bbox 356 1735 440 1782; x_wconf 90' lang='lat' dir='ltr'>vero</span> <span class='ocrx_word' id='word_1_75' title='bbox 463 1711 649 1805; x_wconf 89' lang='lat' dir='ltr'>Hispanos</span> <span class='ocrx_word' id='word_1_76' title='bbox 677 1717 819 1780; x_wconf 93' lang='lat' dir='ltr'>tantum</span> <span class='ocrx_word' id='word_1_77' title='bbox 839 1706 1041 1804; x_wconf 90' lang='lat' dir='ltr'>respiciam,</span> <span class='ocrx_word' id='word_1_78' title='bbox 1069 1707 1157 1805; x_wconf 92' lang='lat' dir='ltr'>quid</span> <span class='ocrx_word' id='word_1_79' title='bbox 1176 1711 1341 1781; x_wconf 90' lang='lat' dir='ltr'>omnium</span> <span class='ocrx_word' id='word_1_80' title='bbox 1375 1790 1377 1793; x_wconf 40' lang='grc'><strong>,</strong></span> <span class='ocrx_word' id='word_1_81' title='bbox 1403 1775 1404 1778; x_wconf 74' lang='grc'>,</span> 
     </span>
     <span class='ocr_line' id='line_1_12' title="bbox 125 1825 1340 1924; baseline 0 -28"><span class='ocrx_word' id='word_1_82' title='bbox 125 1825 333 1920; x_wconf 90' lang='lat' dir='ltr'>populorum</span> <span class='ocrx_word' id='word_1_83' title='bbox 354 1827 544 1922; x_wconf 78' lang='lat' dir='ltr'>tragoediae</span> <span class='ocrx_word' id='word_1_84' title='bbox 568 1830 686 1922; x_wconf 91' lang='lat' dir='ltr'>magis</span> <span class='ocrx_word' id='word_1_85' title='bbox 713 1837 1001 1897; x_wconf 88' lang='lat' dir='ltr'>consentaneum</span> <span class='ocrx_word' id='word_1_86' title='bbox 1031 1827 1196 1898; x_wconf 90' lang='lat' dir='ltr'>invenias</span> <span class='ocrx_word' id='word_1_87' title='bbox 1229 1849 1340 1924; x_wconf 89' lang='lat' dir='ltr'>quam</span> 
     </span>
     <span class='ocr_line' id='line_1_13' title="bbox 125 1927 1338 2014; baseline 0.002 -4"><span class='ocrx_word' id='word_1_88' title='bbox 125 1939 286 2012; x_wconf 85' lang='lat' dir='ltr'>Melibeae</span> <span class='ocrx_word' id='word_1_89' title='bbox 302 1954 338 2014; x_wconf 89' lang='lat' dir='ltr'>et</span> <span class='ocrx_word' id='word_1_90' title='bbox 359 1941 488 2014; x_wconf 83' lang='lat' dir='ltr'>Calisti</span> <span class='ocrx_word' id='word_1_91' title='bbox 504 1939 721 2013; x_wconf 89' lang='lat' dir='ltr'>fluctuantes</span> <span class='ocrx_word' id='word_1_92' title='bbox 742 1938 944 2013; x_wconf 74' lang='lat' dir='ltr'>sententis?</span> <span class='ocrx_word' id='word_1_93' title='bbox 978 1940 1075 2012; x_wconf 93' lang='lat' dir='ltr'>Dum</span> <span class='ocrx_word' id='word_1_94' title='bbox 1089 1927 1186 2012; x_wconf 85' lang='lat' dir='ltr'>enirn</span> <span class='ocrx_word' id='word_1_95' title='bbox 1203 1939 1338 2013; x_wconf 92' lang='lat' dir='ltr'>delibe-</span> 
     </span>
     <span class='ocr_line' id='line_1_14' title="bbox 125 2056 1338 2152; baseline 0.002 -27"><span class='ocrx_word' id='word_1_96' title='bbox 125 2069 199 2127; x_wconf 94' lang='lat' dir='ltr'>rant</span> <span class='ocrx_word' id='word_1_97' title='bbox 219 2081 267 2128; x_wconf 96' lang='lat' dir='ltr'>an</span> <span class='ocrx_word' id='word_1_98' title='bbox 289 2058 450 2152; x_wconf 92' lang='lat' dir='ltr'>cupidini</span> <span class='ocrx_word' id='word_1_99' title='bbox 477 2070 575 2144; x_wconf 91' lang='lat' dir='ltr'>totos</span> <span class='ocrx_word' id='word_1_100' title='bbox 590 2083 628 2128; x_wconf 93' lang='lat' dir='ltr'>se</span> <span class='ocrx_word' id='word_1_101' title='bbox 657 2056 813 2143; x_wconf 89' lang='lat' dir='ltr'>tradant,</span> <span class='ocrx_word' id='word_1_102' title='bbox 830 2056 916 2128; x_wconf 94' lang='lat' dir='ltr'>dum</span> <span class='ocrx_word' id='word_1_103' title='bbox 928 2059 1161 2128; x_wconf 72' lang='lat' dir='ltr'>conscientia</span> <span class='ocrx_word' id='word_1_104' title='bbox 1182 2081 1338 2152; x_wconf 86' lang='lat' dir='ltr'>angores</span> 
     </span>
     <span class='ocr_line' id='line_1_15' title="bbox 124 2171 1338 2270; baseline 0.002 -30"><span class='ocrx_word' id='word_1_105' title='bbox 124 2174 290 2266; x_wconf 89' lang='lat' dir='ltr'>captiosis</span> <span class='ocrx_word' id='word_1_106' title='bbox 311 2177 430 2244; x_wconf 85' lang='lat' dir='ltr'>causis</span> <span class='ocrx_word' id='word_1_107' title='bbox 449 2185 484 2245; x_wconf 94' lang='lat' dir='ltr'>et</span> <span class='ocrx_word' id='word_1_108' title='bbox 497 2176 721 2270; x_wconf 89' lang='lat' dir='ltr'>argumentis</span> <span class='ocrx_word' id='word_1_109' title='bbox 737 2171 952 2269; x_wconf 90' lang='lat' dir='ltr'>opprimunt,</span> <span class='ocrx_word' id='word_1_110' title='bbox 974 2197 1046 2269; x_wconf 91' lang='lat' dir='ltr'>quo</span> <span class='ocrx_word' id='word_1_111' title='bbox 1066 2175 1184 2268; x_wconf 86' lang='lat' dir='ltr'>magis</span> <span class='ocrx_word' id='word_1_112' title='bbox 1198 2171 1338 2268; x_wconf 88' lang='lat' dir='ltr'>tragico</span> 
     </span>
     <span class='ocr_line' id='line_1_16' title="bbox 125 2285 1337 2385; baseline 0.002 -29"><span class='ocrx_word' id='word_1_113' title='bbox 125 2299 156 2356; x_wconf 90' lang='lat' dir='ltr'>et</span> <span class='ocrx_word' id='word_1_114' title='bbox 184 2287 347 2384; x_wconf 90' lang='lat' dir='ltr'>undique</span> <span class='ocrx_word' id='word_1_115' title='bbox 384 2301 552 2385; x_wconf 89' lang='lat' dir='ltr'>percepto</span> <span class='ocrx_word' id='word_1_116' title='bbox 590 2287 699 2361; x_wconf 92' lang='lat' dir='ltr'>modo</span> <span class='ocrx_word' id='word_1_117' title='bbox 719 2287 831 2359; x_wconf 91' lang='lat' dir='ltr'>animi</span> <span class='ocrx_word' id='word_1_118' title='bbox 861 2291 916 2360; x_wconf 88' lang='lat' dir='ltr'>sui</span> <span class='ocrx_word' id='word_1_119' title='bbox 944 2287 1096 2360; x_wconf 79' lang='lat' dir='ltr'>formam</span> <span class='ocrx_word' id='word_1_120' title='bbox 1116 2285 1337 2359; x_wconf 79' lang='lat' dir='ltr'>redderent?</span> 
     </span>
     <span class='ocr_line' id='line_1_17' title="bbox 126 2399 1330 2500; baseline 0.004 -30"><span class='ocrx_word' id='word_1_121' title='bbox 126 2401 167 2472; x_wconf 82' lang='lat' dir='ltr'>At</span> <span class='ocrx_word' id='word_1_122' title='bbox 186 2399 262 2475; x_wconf 83' lang='lat' dir='ltr'>haec</span> <span class='ocrx_word' id='word_1_123' title='bbox 283 2402 330 2474; x_wconf 92' lang='lat' dir='ltr'>ab</span> <span class='ocrx_word' id='word_1_124' title='bbox 346 2403 440 2491; x_wconf 85' lang='lat' dir='ltr'>aliis,</span> <span class='ocrx_word' id='word_1_125' title='bbox 465 2430 545 2500; x_wconf 81' lang='lat' dir='ltr'>quae</span> <span class='ocrx_word' id='word_1_126' title='bbox 565 2431 639 2478; x_wconf 90' lang='lat' dir='ltr'>non</span> <span class='ocrx_word' id='word_1_127' title='bbox 660 2403 839 2492; x_wconf 89' lang='lat' dir='ltr'>lacrimas,</span> <span class='ocrx_word' id='word_1_128' title='bbox 859 2402 922 2476; x_wconf 92' lang='lat' dir='ltr'>sed</span> <span class='ocrx_word' id='word_1_129' title='bbox 943 2401 1145 2476; x_wconf 90' lang='lat' dir='ltr'>cachinnos</span> <span class='ocrx_word' id='word_1_130' title='bbox 1173 2417 1330 2490; x_wconf 90' lang='lat' dir='ltr'>movent,</span> 
     </span>
     <span class='ocr_line' id='line_1_18' title="bbox 125 2514 1333 2615; baseline 0.002 -29"><span class='ocrx_word' id='word_1_131' title='bbox 125 2514 308 2590; x_wconf 88' lang='lat' dir='ltr'>dissentire</span> <span class='ocrx_word' id='word_1_132' title='bbox 327 2520 508 2592; x_wconf 90' lang='lat' dir='ltr'>videntur.</span> <span class='ocrx_word' id='word_1_133' title='bbox 534 2519 663 2593; x_wconf 89' lang='lat' dir='ltr'>Fateor</span> <span class='ocrx_word' id='word_1_134' title='bbox 681 2553 687 2610; x_wconf 89' lang='lat'>;</span> <span class='ocrx_word' id='word_1_135' title='bbox 710 2517 864 2592; x_wconf 90' lang='lat' dir='ltr'>sednon</span> <span class='ocrx_word' id='word_1_136' title='bbox 884 2544 1011 2592; x_wconf 91' lang='lat' dir='ltr'>omnes</span> <span class='ocrx_word' id='word_1_137' title='bbox 1044 2544 1157 2591; x_wconf 93' lang='lat' dir='ltr'>unum</span> <span class='ocrx_word' id='word_1_138' title='bbox 1177 2530 1213 2590; x_wconf 90' lang='lat' dir='ltr'>et</span> <span class='ocrx_word' id='word_1_139' title='bbox 1242 2517 1333 2615; x_wconf 85' lang='lat' dir='ltr'>ejus-</span> 
     </span>
     <span class='ocr_line' id='line_1_19' title="bbox 124 2622 1371 2733; baseline 0.005 -31"><span class='ocrx_word' id='word_1_140' title='bbox 124 2631 198 2704; x_wconf 95' lang='lat' dir='ltr'>dem</span> <span class='ocrx_word' id='word_1_141' title='bbox 221 2638 366 2730; x_wconf 87' lang='lat' dir='ltr'>generis</span> <span class='ocrx_word' id='word_1_142' title='bbox 389 2634 559 2709; x_wconf 83' lang='lat' dir='ltr'>affectum</span> <span class='ocrx_word' id='word_1_143' title='bbox 585 2636 730 2709; x_wconf 88' lang='lat' dir='ltr'>auribus</span> <span class='ocrx_word' id='word_1_144' title='bbox 759 2639 970 2733; x_wconf 75' lang='lat' dir='ltr'>requirunt,</span> <span class='ocrx_word' id='word_1_145' title='bbox 1010 2649 1095 2708; x_wconf 92' lang='lat' dir='ltr'>sunt</span> <span class='ocrx_word' id='word_1_146' title='bbox 1126 2647 1254 2708; x_wconf 91' lang='lat' dir='ltr'>contra</span> <span class='ocrx_word' id='word_1_147' title='bbox 1272 2633 1333 2732; x_wconf 94' lang='lat' dir='ltr'>qui</span> <span class='ocrx_word' id='word_1_148' title='bbox 1370 2622 1371 2628; x_wconf 8' lang='grc' dir='ltr'>ἵ</span> 
     </span>
     <span class='ocr_line' id='line_1_20' title="bbox 123 2745 1333 2846; baseline 0.005 -29"><span class='ocrx_word' id='word_1_149' title='bbox 123 2746 172 2818; x_wconf 87' lang='lat' dir='ltr'>vel</span> <span class='ocrx_word' id='word_1_150' title='bbox 188 2749 346 2822; x_wconf 74' lang='lat' dir='ltr'>contusis</span> <span class='ocrx_word' id='word_1_151' title='bbox 362 2763 396 2823; x_wconf 95' lang='lat' dir='ltr'>et</span> <span class='ocrx_word' id='word_1_152' title='bbox 412 2751 553 2825; x_wconf 89' lang='lat' dir='ltr'>interse</span> <span class='ocrx_word' id='word_1_153' title='bbox 573 2755 764 2824; x_wconf 91' lang='lat' dir='ltr'>contrariis</span> <span class='ocrx_word' id='word_1_154' title='bbox 783 2750 889 2824; x_wconf 91' lang='lat' dir='ltr'>rebus</span> <span class='ocrx_word' id='word_1_155' title='bbox 909 2750 1144 2824; x_wconf 89' lang='lat' dir='ltr'>delectentur.</span> <span class='ocrx_word' id='word_1_156' title='bbox 1169 2745 1333 2846; x_wconf 83' lang='lat' dir='ltr'>Quorum</span> 
     </span>
     <span class='ocr_line' id='line_1_21' title="bbox 123 2862 1333 2958; baseline 0.005 -25"><span class='ocrx_word' id='word_1_157' title='bbox 123 2862 163 2934; x_wconf 92' lang='lat' dir='ltr'>de</span> <span class='ocrx_word' id='word_1_158' title='bbox 181 2867 300 2937; x_wconf 90' lang='lat' dir='ltr'>studio</span> <span class='ocrx_word' id='word_1_159' title='bbox 321 2865 522 2939; x_wconf 83' lang='lat' dir='ltr'>disserendi</span> <span class='ocrx_word' id='word_1_160' title='bbox 540 2895 613 2941; x_wconf 93' lang='lat' dir='ltr'>non</span> <span class='ocrx_word' id='word_1_161' title='bbox 641 2867 702 2940; x_wconf 84' lang='lat' dir='ltr'>hic¹</span> <span class='ocrx_word' id='word_1_162' title='bbox 715 2883 768 2940; x_wconf 89' lang='lat' dir='ltr'>est</span> <span class='ocrx_word' id='word_1_163' title='bbox 789 2869 913 2958; x_wconf 85' lang='lat' dir='ltr'>locus;</span> <span class='ocrx_word' id='word_1_164' title='bbox 950 2867 1019 2941; x_wconf 93' lang='lat' dir='ltr'>hoc</span> <span class='ocrx_word' id='word_1_165' title='bbox 1044 2880 1186 2940; x_wconf 89' lang='lat' dir='ltr'>tanturn</span> <span class='ocrx_word' id='word_1_166' title='bbox 1208 2879 1333 2942; x_wconf 91' lang='lat' dir='ltr'>notare</span> 
     </span>
     <span class='ocr_line' id='line_1_22' title="bbox 121 2979 1331 3080; baseline 0.005 -31"><span class='ocrx_word' id='word_1_167' title='bbox 121 2983 201 3052; x_wconf 90' lang='lat' dir='ltr'>satis</span> <span class='ocrx_word' id='word_1_168' title='bbox 228 2979 373 3054; x_wconf 92' lang='lat' dir='ltr'>habebo</span> <span class='ocrx_word' id='word_1_169' title='bbox 407 2983 608 3056; x_wconf 89' lang='lat' dir='ltr'>comoedias</span> <span class='ocrx_word' id='word_1_170' title='bbox 628 2987 724 3080; x_wconf 92' lang='lat' dir='ltr'>ipsas</span> <span class='ocrx_word' id='word_1_171' title='bbox 762 2982 1096 3080; x_wconf 74' lang='lat' dir='ltr'>apudrecentiores</span> <span class='ocrx_word' id='word_1_172' title='bbox 1130 3009 1205 3056; x_wconf 92' lang='lat' dir='ltr'>non</span> <span class='ocrx_word' id='word_1_173' title='bbox 1239 2983 1331 3057; x_wconf 89' lang='lat' dir='ltr'>adeo</span> 
     </span>
     <span class='ocr_line' id='line_1_23' title="bbox 122 3094 1332 3199; baseline 0.007 -36"><span class='ocrx_word' id='word_1_174' title='bbox 122 3094 331 3188; x_wconf 85' lang='lat' dir='ltr'>proiecturas</span> <span class='ocrx_word' id='word_1_175' title='bbox 351 3096 461 3170; x_wconf 85' lang='lat' dir='ltr'>luisse</span> <span class='ocrx_word' id='word_1_176' title='bbox 481 3103 510 3170; x_wconf 93' lang='lat' dir='ltr'>si</span> <span class='ocrx_word' id='word_1_177' title='bbox 527 3098 786 3199; x_wconf 85' lang='lat' dir='ltr'>tragoediarum</span> <span class='ocrx_word' id='word_1_178' title='bbox 810 3103 998 3172; x_wconf 90' lang='lat' dir='ltr'>materiam</span> <span class='ocrx_word' id='word_1_179' title='bbox 1018 3103 1072 3172; x_wconf 92' lang='lat' dir='ltr'>sui</span> <span class='ocrx_word' id='word_1_180' title='bbox 1092 3099 1179 3197; x_wconf 87' lang='lat' dir='ltr'>juris</span> <span class='ocrx_word' id='word_1_181' title='bbox 1213 3098 1332 3172; x_wconf 89' lang='lat' dir='ltr'>lacere</span> 
     </span>
    </p>

    <p class='ocr_par' dir='ltr' id='par_1_4' title="bbox 32 3215 1332 3315">
     <span class='ocr_line' id='line_1_24' title="bbox 32 3215 1332 3315; baseline 0.004 -32"><span class='ocrx_word' id='word_1_182' title='bbox 32 3295 33 3300; x_wconf 5' lang='grc' dir='ltr'>ἵ</span> <span class='ocrx_word' id='word_1_183' title='bbox 123 3237 188 3284; x_wconf 91' lang='lat' dir='ltr'>non</span> <span class='ocrx_word' id='word_1_184' title='bbox 208 3228 348 3286; x_wconf 85' lang='lat' dir='ltr'>conatae</span> <span class='ocrx_word' id='word_1_185' title='bbox 375 3229 511 3289; x_wconf 88' lang='lat' dir='ltr'>essent.</span> <span class='ocrx_word' id='word_1_186' title='bbox 539 3217 594 3288; x_wconf 92' lang='lat' dir='ltr'>Ne</span> <span class='ocrx_word' id='word_1_187' title='bbox 615 3216 730 3289; x_wconf 89' lang='lat' dir='ltr'>multa</span> <span class='ocrx_word' id='word_1_188' title='bbox 758 3216 890 3306; x_wconf 87' lang='lat' dir='ltr'>dicam,</span> <span class='ocrx_word' id='word_1_189' title='bbox 914 3215 1013 3313; x_wconf 88' lang='lat' dir='ltr'>quid,</span> <span class='ocrx_word' id='word_1_190' title='bbox 1038 3216 1136 3315; x_wconf 92' lang='lat' dir='ltr'>quod</span> <span class='ocrx_word' id='word_1_191' title='bbox 1157 3218 1332 3314; x_wconf 89' lang='lat' dir='ltr'>poenitere</span> 
     </span>
    </p>

    <p class='ocr_par' dir='ltr' id='par_1_5' title="bbox 32 3329 1331 3547">
     <span class='ocr_line' id='line_1_25' title="bbox 32 3329 1331 3421; baseline 0.004 -22"><span class='ocrx_word' id='word_1_192' title='bbox 32 3393 33 3416; x_wconf 85' lang='lat'>,</span> <span class='ocrx_word' id='word_1_193' title='bbox 122 3332 235 3421; x_wconf 88' lang='lat' dir='ltr'>possit,</span> <span class='ocrx_word' id='word_1_194' title='bbox 257 3329 432 3404; x_wconf 90' lang='lat' dir='ltr'>Molierus</span> <span class='ocrx_word' id='word_1_195' title='bbox 458 3347 578 3405; x_wconf 91' lang='lat' dir='ltr'>noster</span> <span class='ocrx_word' id='word_1_196' title='bbox 611 3333 731 3406; x_wconf 83' lang='lat' dir='ltr'>effecit</span> <span class='ocrx_word' id='word_1_197' title='bbox 751 3358 832 3406; x_wconf 89' lang='lat' dir='ltr'>cum</span> <span class='ocrx_word' id='word_1_198' title='bbox 864 3335 973 3406; x_wconf 90' lang='lat' dir='ltr'>risum</span> <span class='ocrx_word' id='word_1_199' title='bbox 999 3359 1044 3405; x_wconf 90' lang='lat' dir='ltr'>ex</span> <span class='ocrx_word' id='word_1_200' title='bbox 1070 3331 1199 3406; x_wconf 91' lang='lat' dir='ltr'>eodem</span> <span class='ocrx_word' id='word_1_201' title='bbox 1231 3331 1331 3404; x_wconf 87' lang='lat' dir='ltr'>lonte</span> 
     </span>
     <span class='ocr_line' id='line_1_26' title="bbox 123 3440 1330 3547; baseline 0.007 -35"><span class='ocrx_word' id='word_1_202' title='bbox 123 3440 273 3515; x_wconf 90' lang='lat' dir='ltr'>hausite</span> <span class='ocrx_word' id='word_1_203' title='bbox 303 3471 375 3541; x_wconf 89' lang='lat' dir='ltr'>quo</span> <span class='ocrx_word' id='word_1_204' title='bbox 404 3446 562 3520; x_wconf 86' lang='lat' dir='ltr'>lacrimae</span> <span class='ocrx_word' id='word_1_205' title='bbox 587 3475 730 3547; x_wconf 91' lang='lat' dir='ltr'>quoque</span> <span class='ocrx_word' id='word_1_206' title='bbox 768 3464 804 3521; x_wconf 91' lang='lat' dir='ltr'>et</span> <span class='ocrx_word' id='word_1_207' title='bbox 822 3453 980 3546; x_wconf 86' lang='lat' dir='ltr'>gemitus</span> <span class='ocrx_word' id='word_1_208' title='bbox 1011 3474 1152 3545; x_wconf 89' lang='lat' dir='ltr'>semper</span> <span class='ocrx_word' id='word_1_209' title='bbox 1176 3446 1330 3520; x_wconf 88' lang='lat' dir='ltr'>exsilue-</span> 
     </span>
    </p>

    <p class='ocr_par' dir='ltr' id='par_1_6' title="bbox 32 3559 1329 3661">
     <span class='ocr_line' id='line_1_27' title="bbox 32 3559 1329 3661; baseline 0.007 -35"><span class='ocrx_word' id='word_1_210' title='bbox 32 3571 33 3648; x_wconf 59' lang='grc' dir='ltr'><em>ξ</em></span> <span class='ocrx_word' id='word_1_211' title='bbox 123 3561 230 3630; x_wconf 73' lang='lat' dir='ltr'>runt?</span> <span class='ocrx_word' id='word_1_212' title='bbox 259 3559 343 3632; x_wconf 90' lang='lat' dir='ltr'>Non</span> <span class='ocrx_word' id='word_1_213' title='bbox 364 3562 530 3635; x_wconf 89' lang='lat' dir='ltr'>eamdem</span> <span class='ocrx_word' id='word_1_214' title='bbox 565 3590 608 3636; x_wconf 90' lang='lat' dir='ltr'>ac</span> <span class='ocrx_word' id='word_1_215' title='bbox 637 3564 827 3660; x_wconf 86' lang='lat' dir='ltr'>tragoedia,</span> <span class='ocrx_word' id='word_1_216' title='bbox 861 3564 925 3637; x_wconf 93' lang='lat' dir='ltr'>sed</span> <span class='ocrx_word' id='word_1_217' title='bbox 945 3563 1105 3661; x_wconf 85' lang='lat' dir='ltr'>ejusdem</span> <span class='ocrx_word' id='word_1_218' title='bbox 1140 3564 1329 3637; x_wconf 92' lang='lat' dir='ltr'>hominum</span> 
     </span>
    </p>

    <p class='ocr_par' dir='ltr' id='par_1_7' title="bbox 32 3678 1382 3778">
     <span class='ocr_line' id='line_1_28' title="bbox 32 3678 1382 3778; baseline 0.008 -38"><span class='ocrx_word' id='word_1_219' title='bbox 32 3695 33 3740; x_wconf 75' lang='lat'>1</span> <span class='ocrx_word' id='word_1_220' title='bbox 125 3683 252 3746; x_wconf 86' lang='lat' dir='ltr'>naturae</span> <span class='ocrx_word' id='word_1_221' title='bbox 281 3681 437 3772; x_wconf 89' lang='lat' dir='ltr'>speciem</span> <span class='ocrx_word' id='word_1_222' title='bbox 474 3680 656 3752; x_wconf 89' lang='lat' dir='ltr'>comoedia</span> <span class='ocrx_word' id='word_1_223' title='bbox 687 3680 859 3776; x_wconf 80' lang='lat' dir='ltr'>praebebit</span> <span class='ocrx_word' id='word_1_224' title='bbox 888 3684 1030 3778; x_wconf 90' lang='lat' dir='ltr'>quoties</span> <span class='ocrx_word' id='word_1_225' title='bbox 1057 3705 1194 3753; x_wconf 91' lang='lat' dir='ltr'>avana</span> <span class='ocrx_word' id='word_1_226' title='bbox 1213 3678 1329 3753; x_wconf 93' lang='lat' dir='ltr'>solum</span> <span class='ocrx_word' id='word_1_227' title='bbox 1380 3703 1382 3706; x_wconf 83' lang='lat'>·</span> 
     </span>
    </p>

    <p class='ocr_par' dir='ltr' id='par_1_8' title="bbox 32 3780 1328 3892">
     <span class='ocr_line' id='line_1_29' title="bbox 32 3780 1328 3892; baseline 0.002 -28"><span class='ocrx_word' id='word_1_228' title='bbox 32 3843 34 3864; x_wconf 60' lang='lat'><em>2</em></span> <span class='ocrx_word' id='word_1_229' title='bbox 123 3801 152 3858; x_wconf 87' lang='lat' dir='ltr'>et</span> <span class='ocrx_word' id='word_1_230' title='bbox 177 3789 364 3864; x_wconf 91' lang='lat' dir='ltr'>humiliore</span> <span class='ocrx_word' id='word_1_231' title='bbox 384 3780 592 3867; x_wconf 79' lang='lat' dir='ltr'>curiositate</span> <span class='ocrx_word' id='word_1_232' title='bbox 609 3797 789 3867; x_wconf 82' lang='lat' dir='ltr'>movenda</span> <span class='ocrx_word' id='word_1_233' title='bbox 808 3795 1045 3873; x_wconf 87' lang='lat' dir='ltr'>abhorruerit.</span> <span class='ocrx_word' id='word_1_234' title='bbox 1063 3795 1164 3892; x_wconf 81' lang='lat' dir='ltr'>Quid</span> <span class='ocrx_word' id='word_1_235' title='bbox 1184 3796 1252 3870; x_wconf 90' lang='lat' dir='ltr'>hoc</span> <span class='ocrx_word' id='word_1_236' title='bbox 1279 3799 1328 3868; x_wconf 91' lang='lat' dir='ltr'>rei</span> 
     </span>
    </p>

    <p class='ocr_par' dir='ltr' id='par_1_9' title="bbox 32 3907 1330 4020">
     <span class='ocr_line' id='line_1_30' title="bbox 32 3907 1330 4020; baseline 0.009 -48"><span class='ocrx_word' id='word_1_237' title='bbox 32 3937 34 4020; x_wconf 34' lang='lat' dir='ltr'>p</span> <span class='ocrx_word' id='word_1_238' title='bbox 110 3907 196 3975; x_wconf 80' lang='lat' dir='ltr'>&#39;estl</span> <span class='ocrx_word' id='word_1_239' title='bbox 215 3908 306 3978; x_wconf 83' lang='lat' dir='ltr'>Cum</span> <span class='ocrx_word' id='word_1_240' title='bbox 336 3912 372 3979; x_wconf 93' lang='lat' dir='ltr'>in</span> <span class='ocrx_word' id='word_1_241' title='bbox 399 3911 706 4006; x_wconf 84' lang='lat' dir='ltr'>Tragicomoediae</span> <span class='ocrx_word' id='word_1_242' title='bbox 731 3938 803 4006; x_wconf 84' lang='lat' dir='ltr'>suae</span> <span class='ocrx_word' id='word_1_243' title='bbox 829 3911 953 3984; x_wconf 81' lang='lat' dir='ltr'>tabula</span> <span class='ocrx_word' id='word_1_244' title='bbox 985 3912 1031 3985; x_wconf 93' lang='lat' dir='ltr'>ad</span> <span class='ocrx_word' id='word_1_245' title='bbox 1065 3917 1201 3986; x_wconf 91' lang='lat' dir='ltr'>exitum</span> <span class='ocrx_word' id='word_1_246' title='bbox 1230 3936 1330 4008; x_wconf 90' lang='lat' dir='ltr'>pera·</span> 
     </span>
    </p>

    <p class='ocr_par' dir='ltr' id='par_1_10' title="bbox 32 4019 1331 4128">
     <span class='ocr_line' id='line_1_31' title="bbox 32 4019 1331 4128; baseline 0.008 -40"><span class='ocrx_word' id='word_1_247' title='bbox 32 4051 34 4122; x_wconf 73' lang='lat' dir='ltr'><strong>j</strong></span> <span class='ocrx_word' id='word_1_248' title='bbox 121 4019 233 4111; x_wconf 87' lang='lat' dir='ltr'>genda</span> <span class='ocrx_word' id='word_1_249' title='bbox 249 4048 370 4096; x_wconf 84' lang='lat' dir='ltr'>amore</span> <span class='ocrx_word' id='word_1_250' title='bbox 390 4042 424 4096; x_wconf 90' lang='lat' dir='ltr'>et</span> <span class='ocrx_word' id='word_1_251' title='bbox 445 4025 581 4098; x_wconf 88' lang='lat' dir='ltr'>honore</span> <span class='ocrx_word' id='word_1_252' title='bbox 608 4031 711 4123; x_wconf 90' lang='lat' dir='ltr'>quasi</span> <span class='ocrx_word' id='word_1_253' title='bbox 732 4031 850 4099; x_wconf 91' lang='lat' dir='ltr'>nervis</span> <span class='ocrx_word' id='word_1_254' title='bbox 869 4027 1061 4101; x_wconf 89' lang='lat' dir='ltr'>etlacertis</span> <span class='ocrx_word' id='word_1_255' title='bbox 1075 4029 1188 4128; x_wconf 86' lang='lat' dir='ltr'>Rojas</span> <span class='ocrx_word' id='word_1_256' title='bbox 1208 4039 1331 4100; x_wconf 91' lang='lat' dir='ltr'>noster</span> 
     </span>
    </p>

    <p class='ocr_par' dir='ltr' id='par_1_11' title="bbox 32 4140 1330 4237">
     <span class='ocr_line' id='line_1_32' title="bbox 32 4140 1330 4237; baseline 0.011 -35"><span class='ocrx_word' id='word_1_257' title='bbox 32 4183 34 4220; x_wconf 25' lang='grc' dir='ltr'><em>ᾗ</em></span> <span class='ocrx_word' id='word_1_258' title='bbox 73 4140 81 4148; x_wconf 87' lang='grc'><strong>’</strong></span> <span class='ocrx_word' id='word_1_259' title='bbox 121 4157 197 4207; x_wconf 92' lang='lat' dir='ltr'>usus</span> <span class='ocrx_word' id='word_1_260' title='bbox 216 4141 274 4225; x_wconf 90' lang='lat' dir='ltr'>sit,</span> <span class='ocrx_word' id='word_1_261' title='bbox 298 4143 543 4237; x_wconf 89' lang='lat' dir='ltr'>antiquiorum</span> <span class='ocrx_word' id='word_1_262' title='bbox 560 4146 655 4213; x_wconf 90' lang='lat' dir='ltr'>viam</span> <span class='ocrx_word' id='word_1_263' title='bbox 678 4142 845 4231; x_wconf 88' lang='lat' dir='ltr'>deseruit,</span> <span class='ocrx_word' id='word_1_264' title='bbox 874 4159 909 4216; x_wconf 90' lang='lat' dir='ltr'>et</span> <span class='ocrx_word' id='word_1_265' title='bbox 939 4144 1200 4216; x_wconf 88' lang='lat' dir='ltr'>recentioribus</span> <span class='ocrx_word' id='word_1_266' title='bbox 1216 4168 1330 4217; x_wconf 89' lang='lat' dir='ltr'>novas</span> 
     </span>
    </p>

    <p class='ocr_par' dir='ltr' id='par_1_12' title="bbox 32 4253 1275 4356">
     <span class='ocr_line' id='line_1_33' title="bbox 32 4253 1275 4356; baseline 0.011 -38"><span class='ocrx_word' id='word_1_267' title='bbox 32 4289 34 4356; x_wconf 58' lang='lat'>3</span> <span class='ocrx_word' id='word_1_268' title='bbox 119 4261 148 4318; x_wconf 90' lang='lat' dir='ltr'>et</span> <span class='ocrx_word' id='word_1_269' title='bbox 172 4253 429 4350; x_wconf 86' lang='lat' dir='ltr'>tragoediarum</span> <span class='ocrx_word' id='word_1_270' title='bbox 469 4271 503 4328; x_wconf 88' lang='lat' dir='ltr'>et</span> <span class='ocrx_word' id='word_1_271' title='bbox 524 4257 786 4330; x_wconf 87' lang='lat' dir='ltr'>comoediarum</span> <span class='ocrx_word' id='word_1_272' title='bbox 819 4261 1000 4356; x_wconf 90' lang='lat' dir='ltr'>imagines</span> <span class='ocrx_word' id='word_1_273' title='bbox 1033 4259 1275 4333; x_wconf 89' lang='lat' dir='ltr'>adumbravit.</span> 
     </span>
    </p>
   </div>
   <div class='ocr_carea' id='block_1_3' title="bbox 0 0 1698 5458">
    <p class='ocr_par' dir='ltr' id='par_1_13' title="bbox 0 0 1698 5458">
     <span class='ocr_line' id='line_1_34' title="bbox 0 0 1698 5458; baseline 0 4"><span class='ocrx_word' id='word_1_274' title='bbox 0 0 1698 5458; x_wconf 95' lang='lat' dir='ltr'> </span> 
     </span>
    </p>
   </div>
  </div>
 </body>
</html>
