3388 5458
580 626 668 694 Segun
682 626 763 676 sieute
777 625 875 678 Celosti
889 653 920 666 -

581 707 656 757 Libro
670 723 703 756 en
719 707 755 756 mi
769 707 874 773 opinion
889 705 980 756 divi-

578 786 606 838 Si
623 785 770 838 encubriera
784 804 841 837 mas
853 787 879 836 lo
890 788 971 840 huma
987 814 1018 826 -
1032 787 1070 851 (r)

319 979 321 986 .
395 921 488 996 Cum
508 933 629 996 autem
644 921 943 1020 Tragicomoedia
966 919 1113 995 Calz'sto
1120 947 1151 1021 y
1164 919 1323 995 Melz'bea
1343 924 1567 996 verissimam

345 1049 380 1111 et
404 1041 516 1111 etiam
555 1037 777 1136 impudicam
798 1041 884 1112 vitae
922 1041 1079 1135 speciem
1117 1036 1307 1135 praeberet,
1347 1042 1463 1136 prima
1489 1065 1567 1116 esse
1677 1091 1678 1101 η

344 1177 443 1248 saepe
465 1157 543 1226 visa
576 1165 630 1226 est
662 1153 833 1227 librorum
861 1153 1004 1227 illorum
1034 1156 1097 1251 qui
1132 1152 1363 1226 humiliorum
1387 1179 1504 1228 rerum
1532 1166 1567 1229 et

339 1279 579 1366 'personarum
599 1281 766 1343 naturam
793 1273 924 1342 imitati
959 1282 1044 1343 sunt
1072 1279 1107 1342 et
1127 1280 1316 1366 tantopere
1349 1270 1446 1368 apud
1482 1272 1565 1345 His-

344 1410 462 1484 panos
480 1385 677 1460 floruerunt
691 1399 727 1461 et
736 1376 951 1484 'viguerunt
974 1384 1074 1478 Quid
1098 1383 1143 1458 de
1160 1389 1343 1460 sententia
1359 1386 1422 1459 illa
1446 1391 1565 1460 existi·

344 1495 519 1575 mandum
554 1504 601 1574 sit
645 1501 789 1576 lacilius
823 1527 921 1576 nunc
959 1499 1114 1597 intelligi
1145 1513 1276 1598 potest.
1313 1503 1443 1600 Magni
1472 1516 1564 1576 certe

343 1620 517 1690 momenti
553 1621 591 1689 in
626 1616 801 1714 ejusmodi
834 1617 1001 1716 operibus
1031 1615 1221 1690 Celestina
1249 1616 1326 1707 luit,
1350 1619 1464 1716 pluris
1482 1644 1563 1692 vero

342 1746 377 1805 et
392 1731 656 1830 praestantioris
676 1739 714 1807 in
734 1734 961 1807 dramaticis.
984 1732 1126 1807 Primus
1141 1735 1239 1804 enim
1255 1744 1310 1806 est
1324 1737 1561 1808 recentiorum

342 1847 514 1921 librorum
553 1853 616 1947 qui
650 1875 689 1923 se
725 1855 878 1925 omnino
909 1849 1119 1924 clericorum
1156 1848 1295 1947 laqueis
1330 1849 1502 1948 expediat
1530 1862 1562 1923 et

342 1963 451 2060 plane
470 1963 642 2061 profanus
656 1964 800 2039 evadat.
817 1963 959 2038 Primus
970 1976 1024 2038 est
1043 1962 1211 2061 dialogus
1232 1966 1293 2062 qui
1320 1963 1561 2062 hispaniensis

342 2077 480 2175 ingenii
506 2080 665 2154 vividam
686 2094 723 2155 et
739 2081 812 2180 jam
833 2085 939 2181 quasi
959 2081 1153 2178 perlectam
1175 2084 1373 2178 imaginem
1394 2083 1560 2156 ostendat
1657 2122 1658 2179 l

341 2207 381 2267 ut
396 2198 471 2293 qui,
501 2196 766 2272 commenticiis
785 2197 917 2272 tabulis
930 2200 1103 2294 exceptis,
1124 2196 1296 2270 omnibus
1317 2197 1559 2298 Hispanorum

342 2311 470 2382 studiis
499 2311 702 2410 indulgeat.
737 2314 878 2388 Dicitur
898 2315 946 2388 D.
972 2312 1095 2412 Dz'ego
1115 2314 1288 2386 Hurtado
1308 2315 1352 2387 de
1370 2316 1555 2404 Mendoza,
1657 2308 1659 2343 ¹*

341 2451 423 2497 cum
452 2427 610 2500 Romam
636 2429 780 2528 legatus
813 2429 1109 2529 proficisceretur,
1149 2427 1241 2503 duos
1265 2441 1408 2504 tantum
1437 2430 1556 2522 libroS,

340 2543 498 2616 Amudis
512 2545 651 2620 scilicet
680 2549 724 2621 de
749 2549 870 2626 Gaulo
888 2560 924 2620 et
945 2545 1172 2620 Celestinam
1193 2570 1316 2619 secum
1344 2561 1557 2645 asportasse.
1658 2586 1659 2613 ι

341 2657 383 2729 Si
405 2659 619 2736 Calderonis
650 2689 796 2762 quoque
831 2673 973 2736 «auto»
1008 2662 1168 2758 aliquem
1206 2661 1344 2734 aulerre
1371 2667 1554 2760 potuisset,
1657 2656 1658 2667 ¹

339 2785 452 2846 totam
483 2803 605 2852 secum
631 2780 850 2878 Hispaniam
871 2783 939 2851 iter
956 2776 1074 2850 iacere
1093 2782 1223 2851 merito
1238 2778 1485 2875 praedicasset.

393 2896 477 2968 Non
503 2897 620 2970 solum
641 2893 831 2970 Celestz'na
850 2899 1004 2992 primum
1034 2905 1087 2967 est
1111 2919 1203 2990 opus
1224 2895 1323 2992 quod
1351 2894 1558 2992 hispanien-
1664 2922 1665 2943 ¹

338 3017 431 3087 sium
452 3038 567 3086 rerum
602 3010 827 3085 simillimam
862 3009 1018 3106 effigiem
1038 3009 1179 3098 reddat,
1201 3011 1265 3083 sed
1297 3014 1408 3084 etiam
1446 3015 1558 3108 prima
1662 3038 1665 3092 l

338 3132 577 3202 recentiorum
616 3125 896 3224 tragicomoedia
930 3139 1025 3199 recte
1058 3125 1131 3198 dici
1169 3139 1300 3224 potest.
1333 3127 1430 3220 Quae
1463 3130 1557 3200 enim

338 3258 447 3317 antea
481 3242 640 3316 vidimus
668 3245 739 3315 nisi
770 3240 913 3315 fabulas
934 3246 1085 3340 antiquo
1115 3267 1281 3316 sermone
1309 3241 1559 3340 interpretatas

338 3384 588 3458 necunquam
622 3363 661 3431 in
694 3383 844 3431 scenam
866 3357 1032 3456 missas?
1066 3359 1162 3452 Quae
1189 3371 1315 3432 contra
1342 3357 1498 3433 scenicis
1522 3360 1558 3428 in

337 3475 431 3548 ludis
460 3474 665 3572 agebantur
693 3473 820 3547 breves
848 3485 990 3558 tantum
1010 3485 1115 3548 erant
1137 3473 1285 3571 dialogi,
1310 3473 1479 3572 ecglogae
1499 3484 1560 3546 aut

336 3590 558 3690 spectacula.
594 3589 679 3663 Non
713 3589 883 3688 equidem
904 3593 1034 3688 ignoro
1067 3590 1114 3662 ad
1147 3591 1364 3664 histrionum
1398 3601 1556 3663 ostenta·

335 3712 472 3781 tionem
494 3705 722 3782 Celestz‘nam
746 3705 844 3780 haud
874 3732 954 3780 esse
972 3706 1301 3781 accommodatam.
1318 3706 1453 3780 Nonne
1476 3729 1557 3778 vero

335 3822 533 3921 legentium
562 3824 705 3898 animos
723 3827 869 3920 penitus
893 3837 928 3895 et
948 3823 1056 3920 plane
1077 3821 1276 3896 dramatico
1302 3819 1555 3898 commovebat

334 3939 497 4014 aflectui
526 3941 567 4012 ln
600 3965 674 4038 qua
696 3939 878 4036 tragoedia
910 3954 971 4012 aut
1004 3938 1186 4012 comoedia
1206 3937 1476 4037 praestantiores
1498 3961 1555 4010 va·

333 4059 460 4129 rietate
486 4049 549 4129 aut
568 4059 718 4128 veritate
747 4079 921 4153 personas
955 4054 1167 4129 invenires?
1201 4056 1366 4146 Domini,
1385 4054 1546 4139 ministri,

331 4185 508 4271 parentes
544 4171 706 4270 juvenes
736 4169 841 4258 lenae,
869 4174 1082 4258 meretrices,
1112 4197 1241 4245 omnes
1270 4171 1430 4269 denique
1461 4191 1549 4268 quos

332 4289 523 4388 loquentes
542 4289 737 4363 Fernando
766 4289 810 4359 de
841 4287 956 4388 Rojas
992 4287 1131 4385 effingit
1158 4314 1233 4361 non
1264 4291 1357 4361 sicut
1393 4291 1432 4360 in
1462 4285 1549 4358 lalsa

332 4404 454 4504 aliqua
493 4417 530 4486 et
573 4405 659 4479 ficta
686 4404 837 4477 historia
871 4402 1129 4502 depinguntur,
1171 4404 1234 4478 sed
1274 4403 1390 4478 oculis
1421 4404 1546 4476 nostris

361 4647 399 4712 (ι)
415 4645 456 4696 Cf.
471 4661 558 4696 versus
577 4661 642 4711 quos
657 4645 795 4694 Cervantes
809 4641 897 4708 primis
910 4641 1037 4692 notissimi
1056 4643 1140 4708 operis
1153 4643 1237 4693 verbis
1258 4643 1354 4710 adjecit
1374 4641 1457 4708 etqui
1477 4641 1545 4693 «Del
1651 4649 1652 4685 l

329 4727 433 4789 Donoso,
445 4731 518 4789 poeta
530 4726 703 4800 entreverado,
716 4741 732 4774 a
742 4723 841 4774 Sanclro
855 4725 941 4772 Pansa
954 4740 974 4786 y
990 4723 1132 4772 Rocinante
1147 4739 1162 4774 v
1176 4723 1301 4774 dicuntur.
1643 4766 1649 4829 q
