3388 5458
165 1404 245 1500 lam
267 1404 374 1474 variis
399 1397 595 1472 Celertince
617 1397 779 1493 personis
799 1401 887 1470 satis
906 1398 1087 1496 dispectis,
1113 1394 1201 1495 quid
1221 1421 1266 1468 ex
1279 1357 1336 1468 his

116 1523 167 1592 rei
183 1529 238 1590 est
260 1517 327 1589 nisi
349 1519 476 1586 miram
504 1529 538 1585 et
558 1512 735 1609 triplicem
751 1513 902 1585 formam
921 1510 1151 1616 Fernandum
1173 1497 1336 1583 nostrum

115 1631 420 1731 Tragicornoediae
457 1655 530 1701 suae
567 1633 720 1724 primurn
755 1628 917 1701 induisse
959 1631 1094 1726 quippe
1139 1651 1219 1725 quae
1259 1640 1335 1700 tum

116 1751 264 1822 demum
285 1761 320 1820 et
340 1745 528 1842 religionis
548 1744 723 1817 custodiis
738 1748 890 1821 omnino
917 1742 1081 1830 liberata,
1106 1755 1141 1816 et
1161 1742 1335 1816 recentio-

115 1891 194 1940 rum
213 1865 400 1936 hominum
418 1861 549 1934 studiis
571 1865 688 1957 magis
704 1875 965 1951 consentanea,
981 1874 1016 1932 et
1031 1883 1113 1931 vere
1125 1857 1337 1931 dramaticis

115 1979 309 2057 virtutibus
329 1977 479 2075 praedita
499 2002 577 2049 esse
597 1976 772 2050 videatur.
796 1976 865 2050 Cui
885 1979 1075 2049 sententiae
1090 1973 1201 2071 longe
1218 1973 1337 2047 aberis

115 2115 154 2174 ut
183 2097 370 2170 adversere
394 2097 424 2165 si
455 2119 528 2189 quo
556 2091 680 2165 labula
709 2093 807 2165 nodo
834 2091 1046 2190 implicetur,
1086 2117 1159 2189 qua
1194 2089 1338 2163 diversa

115 2219 258 2287 ratione
273 2210 394 2284 Plauti
411 2223 446 2281 et
461 2208 621 2280 Terentii
651 2221 764 2280 artem
786 2206 952 2280 immutet
970 2219 1005 2280 et
1025 2219 1181 2293 renovet,
1203 2205 1337 2303 quibus

116 2332 276 2426 denique
304 2328 407 2423 quasi
435 2327 555 2396 nervis
578 2336 613 2395 et
638 2323 783 2396 lacertis
811 2321 931 2419 vigeat
960 2325 1058 2419 prius
1091 2325 1333 2420 inquisiveris

117 2451 220 2522 Cave
241 2453 383 2517 tantum
405 2467 450 2512 ne
466 2438 664 2513 Celeslz'noe
683 2437 928 2536 dijudicandae
959 2437 1191 2535 disciplinam
1224 2442 1336 2512 comi·

116 2569 169 2638 cis
188 2564 307 2660 poetis
327 2557 374 2631 ab
401 2559 564 2654 antiquis
583 2559 791 2653 impositam
817 2554 1008 2629 adhibeas
1029 2555 1208 2648 Quamvis
1236 2561 1336 2630 enim

116 2679 266 2751 liberius
291 2690 327 2748 et
356 2674 503 2770 longius
532 2671 722 2747 Celestr'na
746 2685 919 2770 evagetur
945 2695 1020 2744 non
1049 2698 1094 2745 ea
1123 2687 1179 2747 est
1212 2687 1336 2749 tamen

115 2823 197 2894 quae
227 2791 318 2865 nihil
352 2787 538 2863 theatralis
567 2791 685 2885 operis
716 2787 862 2865 habeat.
896 2787 1075 2886 Equidem
1105 2815 1179 2862 non
1207 2794 1337 2888 ignoro

115 2937 197 2986 eam
233 2913 348 3008 priore
369 2905 496 2978 habitu
516 2929 704 3002 nunquam
743 2908 781 2976 in
812 2925 960 2977 scenam
986 2904 1197 3002 productam
1224 2931 1333 2999 esse;

115 3026 204 3126 quid
226 3049 310 3098 vero
333 3020 444 3120 quod,
475 3018 694 3117 quibusdam
723 3018 884 3117 partibus
910 3017 957 3091 ab
988 3018 1071 3093 aliis
1103 3021 1337 3118 scriptoribus
1393 3082 1396 3089 .

114 3144 327 3240 amputatis,
367 3137 414 3209 ad
443 3135 583 3232 pulpita
604 3151 728 3231 postca
744 3134 892 3208 admota
911 3137 993 3207 est?
1014 3137 1113 3230 Quid
1141 3143 1336 3235 praesertim

116 3257 230 3357 quod,
245 3275 456 3354 quanquam
474 3249 693 3347 ignobilium
707 3274 940 3346 personarum
955 3249 1058 3324 dolos
1070 3277 1141 3324 non
1157 3255 1335 3351 repudiat,

115 3373 254 3459 anima,
295 3381 334 3443 ut
371 3373 421 3440 ita
453 3365 588 3454 dicam,
623 3365 698 3438 alia
728 3391 771 3437 ac
807 3363 988 3438 Plautinae
1033 3379 1070 3439 et
1105 3369 1337 3443 Terentianae

114 3488 248 3561 labulae
275 3489 367 3558 vivit
394 3481 457 3554 illa
485 3495 521 3554 et
549 3482 691 3579 spirat?
723 3480 806 3552 Non
827 3483 926 3552 enim
946 3505 1045 3555 nunc
1073 3507 1191 3557 caveae
1224 3486 1337 3558 rudis·

115 3609 230 3677 simos
263 3601 368 3688 sales
394 3625 493 3671 nunc
521 3595 706 3694 equitibus
734 3599 956 3695 exquisitam
985 3602 1335 3673 contaminationem

115 3720 264 3818 praebet,
289 3717 351 3790 sed
374 3714 511 3787 homini
533 3717 665 3808 cuique
685 3715 837 3809 patricio
857 3727 919 3785 aut
938 3712 1081 3809 plebeio
1101 3738 1221 3788 veram
1255 3719 1337 3790 vitae

116 3841 318 3936 imaginem
336 3831 503 3931 proponit
519 3857 628 3928 quam
645 3831 699 3902 vel
718 3833 871 3903 minima
889 3829 1049 3904 colorum
1070 3836 1242 3906 varietate
1257 3835 1338 3907 red-

115 3953 202 4024 dere
218 3953 441 4049 propositum
463 3946 587 4021 habet.
822 4027 824 4032 ¹

167 4068 260 4140 Cum
282 4077 402 4138 autem
423 4075 512 4162 quot
525 4064 640 4134 animi
664 4074 783 4134 motus
808 4073 893 4134 sunt
917 4077 970 4134 tot
999 4061 1288 4158 significationes
1303 4077 1339 4138 et

113 4184 420 4257 commutationes
438 4180 474 4252 F
474 4181 631 4251 ernaudo
643 4179 686 4249 de
697 4176 811 4276 Rosos
824 4176 968 4265 efficiat,
988 4178 1189 4267 nonnullis,
1208 4179 1332 4271 lateor,

114 4296 364 4374 incommodis
382 4298 548 4369 occurrit.
577 4293 683 4390 Saepe
702 4293 909 4390 saepiusque
933 4307 972 4368 ut
996 4321 1063 4368 nos
1093 4321 1166 4394 quo
1181 4323 1339 4396 quaeque

113 4440 273 4514 persona
308 4412 426 4501 mod0,
466 4435 733 4510 quemcumque
761 4409 885 4483 tabula
911 4411 993 4484 tulit
1022 4437 1157 4500 casum,
1178 4417 1338 4487 vicissim

114 4530 307 4618 afficiatur,
329 4543 470 4602 servato
489 4551 605 4600 rerum
622 4526 759 4615 ordine,
781 4525 923 4614 doceat,
949 4527 1077 4615 multa,
1108 4527 1239 4626 quibus
1263 4528 1337 4628 jam

113 4647 354 4736 interfuimus
375 4670 541 4718 sermone
552 4647 681 4716 iterata
693 4641 799 4716 nobis
815 4646 994 4740 proponit,
1012 4661 1048 4716 et
1064 4670 1144 4742 quae
1163 4671 1237 4718 non
1257 4648 1338 4718 sine

112 4767 236 4862 gratia
255 4775 338 4838 acta
347 4773 432 4838 sunt
450 4787 495 4835 ea
514 4757 696 4834 narrando
708 4761 914 4857 corrumpit.
934 4759 1038 4832 Adde
1051 4759 1151 4859 quod
1166 4757 1338 4835 nonnihil

1198 4911 1216 4974 ⁵
