3388 5458
700 516 901 582 -91-.

170 679 324 763 vagatur
355 676 391 737 et
413 665 571 760 gemitus
602 673 824 761 questusque
852 660 1017 735 effundit.
1044 661 1152 735 Nunc
1172 662 1386 756 maledictis,

171 806 271 856 nunc
303 779 525 854 dulcissimis
557 777 713 877 querelis
757 789 919 852 amatum
959 801 1100 877 semper
1127 778 1295 877 juvenem
1340 780 1392 852 in-

171 908 305 994 crepat,
338 907 383 980 et,
417 897 493 969 sive
513 893 738 992 indignatur,
757 893 835 967 sive
864 894 1054 968 absentem
1079 909 1255 992 precatur,
1275 899 1392 969 tristia

172 1009 286 1084 animi
317 1022 455 1084 secreta
484 1009 598 1085 multo
627 1009 843 1084 dilucidiora
870 1009 1054 1108 patefacit.
1085 1011 1274 1085 Vr'toriano
1293 1011 1393 1085 deni-

172 1153 243 1226 que
286 1126 451 1202 Placidae
475 1130 687 1200 memoriam
730 1152 804 1199 non
834 1129 952 1224 magis
990 1130 1154 1200 amittere
1198 1141 1317 1226 potest
1356 1139 1392 1200 et

171 1249 331 1316 amicum
362 1243 439 1316 adit
462 1268 485 1315 a
530 1268 603 1341 quo
632 1267 764 1316 vanam
785 1253 885 1340 petat
917 1241 1147 1317 solationem.
1171 1243 1273 1318 Nihil
1294 1243 1391 1316 enim

170 1362 323 1460 propriis
343 1363 420 1457 ipse
448 1359 731 1457 viribuscffecit
750 1359 1011 1458 verborumque
1037 1359 1267 1433 contumeliis
1286 1363 1391 1457 quasi

169 1479 396 1573 gravissimis
428 1479 662 1548 incrementis
694 1474 856 1548 dolorem
885 1486 1028 1548 tantum
1060 1475 1222 1550 adauxit.
1258 1476 1392 1549 Nonne

170 1620 295 1668 amore
319 1592 382 1667 illo
414 1592 544 1691 flagrat
572 1619 681 1692 quern
711 1593 898 1667 Celestina
934 1617 1078 1669 summa
1097 1598 1246 1668 veritate
1266 1592 1391 1690 depin-

169 1723 272 1784 xerat
303 1722 338 1784 et
370 1737 444 1809 quo
471 1735 554 1784 cum
573 1709 725 1782 ardeant
740 1712 955 1807 posteriores
970 1709 1152 1809 Joh'annis
1169 1709 1233 1784 del
1246 1707 1393 1784 Encr'na

147 1852 340 1926 'personae
369 1853 465 1901 nova
484 1839 580 1900 certe
613 1839 648 1902 et
680 1825 794 1900 multo
828 1829 947 1923 magis
966 1825 1168 1900 dramatica
1200 1831 1330 1901 virtute
1358 1837 1393 1898 et

171 1943 346 2018 varietate
376 1943 611 2019 induunturl·
634 1943 719 2016 Non
739 1946 836 2015 enim
860 1943 893 2015 V
891 1940 1051 2016 aloriano
1069 1955 1105 2016 et
1125 1941 1281 2018 Placido
1300 1940 1392 2014 indi·

170 2063 320 2157 gniores
352 2071 438 2132 sunt
474 2063 535 2158 qui
567 2084 649 2132 cum
683 2059 825 2133 Calisto
862 2070 899 2132 et
926 2057 1089 2132 Melibea
1126 2059 1250 2156 aliquo
1284 2055 1393 2130 modo

170 2176 414 2250 conferantur.

222 2293 392 2365 Pastores
422 2316 579 2389 quoque,
611 2295 649 2363 in
670 2291 844 2392 Ecglogis
868 2317 948 2389 quae
971 2290 1169 2366 Celestz'nae
1187 2289 1391 2389 exemplum

171 2408 241 2481 sibi
262 2418 534 2506 proposuerunt,
554 2409 669 2478 animi
689 2410 743 2479 sui
763 2407 914 2480 formam
934 2411 1053 2508 magis
1082 2409 1174 2481 veris
1189 2419 1224 2480 et
1239 2407 1393 2480 diversis

170 2523 291 2598 verbis
310 2521 476 2597 reddunt.
498 2524 580 2622 Jam
606 2525 705 2594 enim
721 2522 808 2596 satis
824 2525 1015 2622 exquisitis
1035 2523 1219 2618 coloribus
1234 2522 1393 2622 pingun-

169 2653 228 2714 tur
246 2652 281 2713 et
294 2639 332 2714 Z
332 2639 501 2712 ambardo
519 2641 582 2737 qui
598 2661 677 2711 sese
693 2649 767 2711 tam
790 2642 953 2736 ingenuo
973 2643 1097 2713 animo
1117 2638 1240 2740 diligit
1261 2638 1393 2713 dulcis·

171 2761 351 2854 simoque,
374 2755 460 2827 dum
475 2756 512 2829 F
514 2753 610 2828 ileno
625 2757 793 2851 ingemit,
815 2780 944 2830 somno
965 2754 1148 2848 dormitat,
1165 2769 1200 2829 et
1221 2754 1392 2854 Suplz'cz'o

170 2899 245 2972 quo
262 2896 368 2946 nemo
387 2870 539 2944 fortasse
558 2873 652 2943 inter
676 2873 887 2946 notissimos
903 2875 1041 2946 amicos
1070 2875 1190 2968 magis
1218 2871 1285 2945 luit
1305 2871 1393 2945 deli·

170 3002 285 3076 catus
305 3001 341 3060 et
359 2985 521 3087 Justz'no
532 2985 728 3084 praesertim
749 2989 812 3085 qui
840 3013 968 3062 ornnes
987 2990 1121 3062 mentis
1146 2985 1293 3062 habitus
1308 2987 1392 3062 sub·

170 3103 281 3178 tiliter
317 3103 463 3200 dispicit
496 3104 762 3199 mitissimoque
795 3102 967 3177 imbuitur
996 3103 1146 3202 ingenio
1165 3127 1248 3176 cum
1269 3128 1393 3176 aman·

170 3225 262 3294 tium
281 3218 474 3292 stultitiam
503 3220 619 3291 acutis
649 3243 717 3290 nec
744 3217 849 3291 malis
877 3218 1075 3293 insectatur
1103 3218 1255 3298 facetiis,
1294 3218 1393 3315 Quid
1477 3234 1478 3237 ’

170 3337 240 3410 hoc
260 3325 310 3410 rei
330 3349 385 3410 est
404 3335 474 3407 nisi
490 3333 589 3432 quod
603 3333 762 3432 Johanni
776 3335 839 3407 del
853 3336 891 3406 E
891 3334 1000 3408 noina
1015 3337 1048 3408 C
1048 3334 1213 3408 elestz'nae
1228 3334 1394 3432 perlectae

170 3451 268 3526 haud
311 3451 566 3549 poenitendum
596 3449 663 3523 luit
700 3453 731 3522 si
765 3447 912 3548 quidem
950 3477 995 3524 ex
1022 3451 1087 3524 illa
1124 3449 1240 3524 multo
1274 3454 1393 3546 magis

170 3567 362 3642 dramatici
379 3570 497 3664 operis
522 3570 684 3663 proprias
704 3577 739 3637 et
757 3563 900 3639 labulas
917 3579 953 3640 et
968 3592 1142 3664 personas
1161 3563 1358 3662 assumpsit
1377 3567 1393 3637 l

219 3682 304 3757 Non
334 3682 462 3772 ,minus
501 3681 684 3755 Fernandi
718 3682 761 3754 de
788 3681 904 3782 Rojas
935 3681 1234 3779 Tragicomoedia
1253 3685 1291 3754 in
1321 3679 1393 3753 illis

170 3799 389 3899 spectaculis
403 3801 579 3872 momenti
600 3796 726 3870 habuit
746 3823 839 3896 quae,
853 3797 1108 3896 progrediente
1127 3810 1231 3871 sexto
1249 3796 1394 3871 decimo

170 3915 321 4005 saeculo,
346 3913 591 4011 hispaniensis
610 3911 787 3986 comediae
814 3917 918 4012 quasi
953 3917 1072 4010 magis
1092 3925 1127 3986 et
1148 3917 1266 4010 magis
1288 3913 1394 3986 clarae

168 4035 310 4130 species
339 4040 591 4127 apparuerunt.
624 4028 869 4127 Seponendus
897 4029 1043 4128 quidem
1063 4041 1118 4103 est
1140 4031 1310 4103 «Auro»
1332 4028 1394 4104 ille

170 4150 250 4220 «de
269 4149 304 4220 la
319 4144 460 4220 Pasion
482 4176 500 4216 r>
522 4170 595 4244 quo
616 4143 707 4217 nihil
730 4149 768 4218 in
789 4144 853 4218 illo
871 4170 1005 4245 genere
1028 4171 1096 4218 nec
1117 4145 1304 4243 pulchrius
1327 4172 1397 4218 nec

167 4265 291 4362 purius
305 4262 475 4336 vidimus
496 4259 779 4334 Sanctissimam
793 4264 892 4333 enim
907 4260 1127 4358 tragoediam
1147 4287 1258 4360 quam
1277 4263 1394 4336 Evan-

166 4381 306 4481 gelistae
326 4377 562 4468 tradiderunt,
599 4402 716 4450 rerum
747 4389 889 4454 servato
919 4377 1060 4468 ordine,
1084 4389 1169 4451 ante
1198 4377 1324 4452 oculos
1345 4382 1397 4452 ita

169 4496 339 4569 obversat
362 4506 402 4567 ut
420 4495 526 4592 quasi
546 4492 671 4566 divino
701 4495 851 4566 numine
881 4491 1026 4568 afflatus
1040 4517 1121 4566 esse
1140 4491 1337 4590 videatur(
1366 4494 1392 4588 ).

204 4752 244 4818 (r)
260 4749 433 4817 Magdalenae,
447 4750 517 4800 verbi
534 4750 624 4818 gratia,
638 4751 660 4801 si
678 4752 809 4818 querelam
825 4752 925 4818 legeris,
944 4751 1058 4803 divinum
1073 4751 1145 4802 illum
1160 4750 1278 4804 fateberis
1299 4751 1394 4800 luctum
