3388 5458
713 509 870 574 ..79-

178 656 256 754 pilli
295 682 415 754 neque
445 655 564 727 minus
615 652 819 750 splendoris
849 653 1011 729 ¹habent.
1048 653 1185 727 Prolixi
1206 680 1321 752 usque
1342 658 1401 730 'ad

70 841 74 852 ,
178 771 338 845 confinia
360 770 580 868 plantarum,
604 794 687 842 cum
721 774 912 866 compositi
938 783 974 842 et
1000 773 1038 840 in
1067 769 1232 842 ordinem
1262 771 1399 844 redacti

178 891 278 960 cirris
297 873 406 983 baput
423 889 599 972 vinciunt,
625 887 717 957 sicut
732 911 794 957 eos
814 910 1032 981 componere
1055 897 1090 957 et
1110 910 1218 958 aureo
1238 886 1401 962 luniculo

177 1010 393 1076 connectere
419 1001 523 1089 solet,
565 999 633 1074 soli
671 998 793 1074 valent
827 1000 873 1072 ad
907 1011 1144 1096 spectatorem
1177 1005 1341 1098 quemvis
1360 1007 1398 1075 in

177 1116 335 1216 lapidem
375 1118 668 1190 vertendum-
699 1118 739 1188 ln
778 1120 933 1204 asinum,
967 1115 1131 1189 mussitat
1170 1117 1395 1215 Sempronio,

176 1238 438 1332 potius‚putem
460 1263 492 1303 >›.
524 1231 586 1305 Sic
606 1258 681 1305 uno
700 1230 810 1304 verbo
829 1230 1020 1329 flagrantis
1042 1230 1183 1328 juvenis
1202 1248 1398 1333 exagerata

176 1351 286 1424 altius
305 1355 420 1422 oatio
453 1347 644 1422 deridetur.
667 1347 771 1420 Talis
809 1343 987 1420 excitatur
1005 1351 1096 1420 risus
1134 1373 1214 1421 cum
1237 1350 1395 1436 calisto,
1470 1435 1472 1440 ,

175 1469 236 1562 qui
256 1464 471 1536 famulorum
491 1463 576 1536 fidei
597 1480 632 1536 et
647 1465 768 1534 virtuti
795 1461 969 1534 innititur.
996 1461 1167 1536 Melibeae
1188 1464 1298 1538 domo
1318 1470 1397 1540 sine

176 1593 274 1654 metu
307 1584 587 1677 appropinquat,
627 1578 841 1678 Sempronio
860 1593 982 1651 autem
1020 1591 1055 1651 et
1092 1582 1274 1652 Parmeno
1299 1607 1399 1654 arma
1474 1679 1476 1682 Ι

175 1697 387 1794 disponunt,
410 1695 528 1768 sedin
548 1711 672 1791 tergo,.
700 1694 967 1792 consiliumque
1000 1709 1083 1768 cum
1114 1711 1265 1794 utroque
1299 1723 1397 1769 com·

174 1817 376 1902 municant,
399 1811 463 1900 sed
492 1811 607 1908 primo
628 1811 785 1883 tumultu
824 1810 1000 1907 fugiendi.
1037 1805 1162 1886 Minus
1190 1837 1279 1885 sane
1300 1817 1400 1886 inve-

174 1927 322 2002 recundi
356 1941 440 2001 sunt
474 1925 583 2001 Sosia
613 1940 649 1999 et
687 1926 852 2016 Trz‘stan,
886 1927 949 1999 sed
983 1927 1222 2000 nihilominus
1260 1928 1399 2002 lucetiis

174 2047 249 2118 suis
282 2043 485 2141 impediunt
523 2047 611 2140 quin
651 2042 881 2115 dominorum
921 2041 1068 2116 fervidis
1116 2057 1178 2116 aut
1214 2042 1398 2119 flebilibus

174 2159 403 2232 sermonibus
423 2159 486 2233 diu
505 2182 814 2231 commoveamur.
1241 2135 1254 2152 “

223 2277 308 2348 Non
325 2280 445 2348 minus
464 2274 589 2348 crebro
612 2288 648 2346 et
668 2272 782 2345 multo
810 2276 927 2370 magis
955 2277 1045 2346 miro
1071 2273 1180 2348 modo
1203 2275 1334 2348 devota
1363 2291 1398 2349 et

174 2391 361 2486 impudica
379 2389 489 2464 verba
501 2389 538 2462 in
554 2387 745 2462 Celestz'na
759 2393 852 2461 inter
863 2413 902 2460 se
917 2402 1095 2485 pugnant.
1120 2390 1231 2464 Nulla
1247 2390 1397 2466 fortasse

174 2506 341 2603 improba
367 2509 551 2579 sententia
571 2519 651 2577 tuas
664 2511 776 2577 ¹aures
805 2504 969 2592 offendit,
1002 2505 1124 2578 nullus
1146 2505 1247 2578 locus
1271 2507 1398 2581 oculos

174 2620 276 2695 laedit
304 2637 385 2696 tuos
405 2621 493 2720 quin
521 2621 628 2694 simul
649 2634 810 2694 sacratas
825 2623 1028 2692 sententias
1051 2621 1181 2694 audias
1197 2635 1258 2694 aut
1274 2623 1397 2697 catho-

174 2737 255 2810 licis
283 2737 559 2837 antiquissimas
586 2740 768 2836 imagines
801 2735 939 2808 videas.
979 2738 1033 2808 lta
1063 2736 1160 2809 enim
1191 2741 1228 2808 in
1250 2743 1399 2814 intimos

176 2854 422 2951 Hispanomm
442 2853 604 2926 omnium
624 2857 768 2926 animos
783 2850 911 2948 religio
937 2865 1024 2924 tunc
1052 2851 1183 2948 illapsa
1206 2871 1281 2925 erat
1302 2859 1398 2928 utin

173 2969 321 3066 dialogo
355 2974 417 3068 qui
437 2993 557 3042 veram
597 2992 714 3042 rerum
748 2981 783 3042 et
817 2968 1007 3059 hominum
1035 2971 1193 3067 speciem
1222 2971 1400 3066 praeberet

172 3110 335 3182 persaepe
358 3110 432 3157 non
466 3109 637 3156 emanare
668 3109 743 3155 non
779 3097 913 3180 posset.
948 3085 1140 3158 Amorisne
1175 3089 1229 3158 sui
1264 3089 1336 3158 vim
1362 3101 1397 3160 et

173 3200 333 3274 dolorem
351 3200 559 3298 significare
580 3202 613 3273 C
613 3198 727 3272 alz'sto
746 3202 925 3271 inanimo
945 3198 1085 3273 habet?
1106 3229 1125 3268 <t
1144 3202 1231 3296 Ege,
1262 3205 1392 3299 inquit,

172 3316 473 3402 Melibaeussum,
500 3314 674 3388 Melibeae
691 3329 828 3388 sectam
848 3341 990 3411 sequor,
1015 3319 1054 3387 in
1081 3315 1245 3389 Melibea
1274 3317 1394 3410 credo,

172 3431 370 3507 Melibeam
386 3429 545 3528 denique
572 3430 729 3510 adoro...
749 3431 789 3504 Si
815 3429 935 3529 qualis
956 3455 1057 3503 meus
1076 3430 1162 3504 talis
1177 3445 1233 3505 est
1261 3433 1396 3529 Purga-

171 3551 253 3621 torii
273 3551 383 3648 ignis,
406 3547 556 3644 pecudis
574 3547 688 3622 latum
711 3547 855 3620 mallem
880 3574 991 3646 quam
1008 3547 1077 3621 hoc
1093 3547 1218 3621 dolore
1237 3562 1397 3647 emptam

172 3663 346 3737 coelorum
367 3663 630 3738 beatitudinem
648 3694 680 3736 >›.
701 3665 798 3758 Quae
812 3667 980 3760 quamvis
1005 3667 1118 3760 impia
1138 3690 1161 3736 a
1177 3664 1399 3762 Sempronio

172 3779 339 3854 dicantur
371 3779 564 3853 catholicae
597 3779 787 3875 religionis
815 3777 1101 3851 familiaritatem
1135 3803 1211 3851 non
1246 3778 1398 3855 obscure

172 3894 372 3969 declarant.
397 3894 521 3991 Magis
552 3893 766 3966 offensionis
795 3893 905 3966 hodie
933 3892 1069 3966 habent
1100 3919 1209 3993 quae,.
1230 3894 1315 3968 dum
1337 3921 1400 3994 pu·

171 4011 294 4084 denda
331 4022 549 4107 spectantur,
591 4013 652 4106 pia
681 4007 941 4106 praedicantur.
974 4009 1177 4107 Postquam
1207 4010 1397 4086 Celestina

170 4129 391 4225 praeteritam
411 4129 522 4198 vitam
543 4149 627 4223 quae
648 4123 749 4197 nulla
768 4122 968 4197 christiana
987 4121 1108 4196 floruit
1134 4128 1264 4198 virtute
1283 4125 1400 4201 subti.

171 4243 252 4316 liter
270 4241 404 4329 retulit,
435 4240 630 4338 perlectam
663 4238 907 4312 humilitatem
935 4250 1121 4312 ostentare
1150 4266 1225 4313 non
1254 4241 1400 4317 dubitat

170 4385 239 4432 nec
252 4358 300 4432 ad
314 4360 492 4456 virginem
514 4355 785 4454 depravandam
816 4356 884 4427 Dei
906 4367 942 4427 et
961 4355 1181 4428 sanctissimi
1203 4356 1398 4459 Michaelis

169 4473 466 4548 benedictionem
477 4471 683 4570 implorare.
701 4469 828 4544 Medio
844 4475 956 4542 etiam
972 4474 1011 4543 in
1025 4469 1113 4544 luxu
1128 4470 1224 4546 lenae
1240 4486 1277 4547 et
1289 4497 1398 4547 mere·

168 4595 277 4674 trices
309 4589 437 4663 salutis
474 4601 619 4663 aeternae
651 4591 749 4664 viam
791 4585 955 4685 perdere
977 4613 1053 4660 non
1087 4591 1312 4662 existimant.
1354 4590 1396 4663 Si

168 4708 257 4810 quid
279 4707 466 4781 mulierem
503 4706 631 4780 deceat
661 4704 709 4779 ab
738 4703 855 4780 Elicia
883 4705 1114 4806 requisiveris
1146 4703 1238 4778 nihil
1267 4704 1398 4784 melius
