3416 5460
736 525 895 590 -3,..

198 671 399 746 decrevisse
413 698 486 769 quo
500 675 727 769 potissimum
746 671 826 743 loco
840 669 963 742 Menae
978 681 1041 743 aut
1058 669 1163 743 Cotae
1177 695 1268 768 opus
1284 670 1419 764 finiret,

198 814 270 886 quo
291 793 470 886 proprium
493 791 665 884 inciperet
686 789 701 859 l
724 786 832 879 Quod
853 784 1002 882 quidem
1022 810 1122 860 anno
1142 798 1285 860 tantum
1307 785 1422 864 MDII

199 901 408 999 designavit
429 903 576 1001 quando
597 929 618 973 a
639 902 756 980 verbis
786 929 804 968 <r
834 903 1041 973 Hermanos
1069 899 1163 974 mr'os
1187 931 1206 972 »
1234 901 1423 1000 dialogum

200 1045 303 1092 suum
325 1019 512 1091 exordium
529 1009 658 1115 capere
672 1016 895 1114 praedicavit.

251 1135 419 1207 Ceterum
458 1135 550 1206 tales
582 1134 651 1231 joci
682 1137 837 1206 satiricis
872 1133 1065 1228 Hispaniae
1088 1135 1325 1232 scriptoribus
1346 1159 1422 1208 non

200 1249 525 1348 displicebantqui
548 1249 642 1322 fictis
663 1248 719 1320 his
747 1249 856 1321 dictis
881 1246 990 1319 fidem
1029 1248 1145 1323 lacere
1166 1276 1240 1325 non
1268 1247 1422 1328 multum

200 1366 397 1464 cupiebant
431 1391 498 1437 nec
528 1363 709 1437 mendacii
744 1367 990 1460 suspicionem
1034 1369 1277 1440 attentissime
1310 1365 1423 1464 lugie-

200 1480 290 1553 bant
308 1483 318 1564 (
329 1484 374 1570 ι),
400 1479 498 1553 ldem
514 1479 610 1552 enim
628 1478 743 1577 Rqs'as
763 1505 829 1551 nos
856 1492 979 1551 monet
1002 1479 1215 1576 quindecim
1235 1494 1340 1556 actus
1360 1483 1422 1579 qui

200 1595 238 1667 in
271 1595 384 1692 prima
412 1595 573 1667 editione
602 1594 687 1666 licto
707 1594 831 1666 Menae
851 1608 912 1666 aut
933 1593 1039 1666 Cotae
1070 1591 1221 1694 dialogo
1248 1596 1423 1694 adjuncta

200 1725 283 1784 sunt
305 1710 515 1808 quindecim
536 1710 665 1784 diebus
694 1709 878 1782 coniectos
911 1735 1002 1782 esse.
1040 1710 1161 1804 Quam
1189 1710 1422 1786 velocitatem

200 1831 282 1924 quis
308 1853 381 1899 non
406 1827 626 1899 miraretur?
647 1825 722 1900 Sed
748 1825 871 1923 Rojas
900 1827 988 1923 quia
1016 1826 1104 1924 quid
1122 1825 1421 1924 jurisconsultum

199 1943 342 2018 deceret
361 1947 529 2040 respexit,
549 1967 682 2014 nomen
703 1945 818 2039 primo
839 1939 969 2014 celavit
989 1941 1099 2040 quod,
1116 1956 1310 2044 postquam
1331 1969 1423 2043 opus

199 2059 248 2132 ab
285 2058 455 2131 omnibus
486 2058 673 2131 laudatum
697 2057 799 2146 vidit,
831 2056 960 2130 Alonsi
984 2059 1028 2130 de
1051 2061 1200 2134 Proaza
1219 2063 1422 2136 ministerio

199 2173 381 2272 patefecit.
401 2173 590 2249 Celestz'na
603 2199 690 2270 ergo
706 2173 753 2244 ab
768 2198 842 2247 uno
858 2186 1004 2246 auctore
1015 2180 1226 2272 excogitata
1237 2189 1273 2250 et
1288 2180 1422 2275 scripta

199 2303 266 2362 est.
281 2333 330 2346 —
345 2291 431 2384 Quo
446 2303 566 2362 autem
587 2292 712 2360 animo
731 2300 766 2360 et
783 2287 892 2362 modo
908 2293 1112 2386 composita
1126 2294 1172 2364 sit
1189 2317 1288 2364 nunc
1304 2291 1422 2392 inqui·

200 2431 334 2479 ramus.

251 2520 322 2592 Alii
344 2525 534 2617 scriptores
553 2520 625 2617 jam
655 2519 700 2592 de
730 2518 836 2592 rebus
856 2519 1024 2617 politicis'
1051 2525 1180 2595 satiras
1208 2547 1422 2620 composue-

199 2651 282 2709 rant
303 2662 455 2734 quarum
494 2639 696 2710 notissimae
717 2649 800 2708 sunt
840 2665 858 2704 <r
881 2637 1016 2734 Coplas
1034 2667 1052 2706 »
1083 2636 1158 2711 illae
1179 2667 1199 2708 <r
1227 2641 1271 2712 de
1288 2637 1423 2741 Mz'ngo

197 2754 421 2850 Revulg0»;
458 2753 521 2825 alii
542 2767 678 2839 autem,
708 2753 801 2826 sicut
832 2751 940 2852 Jurrn
973 2753 1036 2825 del
1053 2751 1212 2840 Encr'na‚
1234 2767 1419 2852 pastorum

196 2893 383 2944 sermones
401 2880 438 2940 et
458 2893 598 2942 amores
612 2867 822 2964 fingebant;
845 2866 959 2968 Rojas
978 2893 1062 2942 vero
1082 2867 1299 2961 nebulones,
1316 2869 1419 2946 lenas

196 2988 476 3082 meretricesque
505 2983 700 3082 producere
738 2996 773 3054 et
800 2983 976 3056 lacessere
994 2981 1108 3058 voluit
1124 2983 1342 3082 quibuscum
1364 2989 1418 3060 in-

195 3101 337 3175 terdum
357 3099 550 3197 juvenilem
581 3113 728 3172 aetatem
759 3098 997 3172 Salmantina
1013 3103 1051 3172 in
1079 3098 1224 3174 civitate
1253 3100 1414 3198 degerat.
1483 3160 1484 3163 ,

201 3215 335 3315 Lyricis
363 3243 449 3314 ergo
483 3219 600 3312 poetis
632 3213 812 3311 proprium
833 3225 867 3286 et
906 3213 1102 3288 delicatum
1149 3241 1309 3289 amorem
1343 3239 1418 3290 non

155 3429 158 3434 Ι
197 3333 364 3430 depingit
384 3358 458 3430 quo
474 3330 694 3404 bellissimus
720 3329 780 3402 ille
803 3361 820 3398 <r
840 3329 999 3430 Dz'alogo
1015 3340 1118 3404 entre
1136 3332 1174 3404 el
1192 3333 1307 3406 Amor
1319 3358 1350 3433 y
1368 3359 1418 3406 un
1485 3356 1488 3362 ·

199 3445 297 3545 vz'ejo
312 3479 329 3516 »
352 3447 571 3536 illustratur;
594 3446 656 3518 sed
683 3471 766 3518 cum
796 3444 985 3542 cupidines
1016 3445 1236 3521 truculentas
1256 3474 1324 3522 nec
1344 3473 1418 3522 non
1478 3531 1482 3540 .

197 3576 235 3635 et
255 3587 310 3636 res
342 3585 554 3636 communes
582 3561 850 3659 familiaresque
877 3560 1074 3650 diduceret,
1106 3562 1260 3636 fecunda
1297 3576 1419 3637 mente

197 3678 403 3766 instinctus,
440 3703 522 3750 mox
552 3687 725 3774 personas
745 3680 849 3775 quasi
871 3680 1032 3749 viventes
1066 3691 1102 3750 et
1134 3676 1311 3775 spirantes
1332 3690 1419 3752 ante

196 3794 324 3868 oculos
356 3794 461 3866 vidit.
487 3793 550 3866 Sic
571 3797 632 3889 qui
654 3791 823 3888 dialogus
858 3791 995 3866 iuturus
1016 3817 1096 3866 esse
1122 3793 1316 3890 putabatur
1335 3820 1419 3867 mox

197 3913 237 3982 in
258 3934 378 3982 verum
398 3925 433 3981 et
458 3909 695 3980 dramaticum
713 3932 804 4002 opus
826 3895 1035 3981 mutabatur
1050 3907 1148 4006 quod
1167 3933 1230 4006 per
1262 3921 1364 3982 actus
1382 3923 1420 3983 et

196 4005 329 4098 scenas
355 4023 571 4120 descriptum
590 4022 687 4096 nodo
706 4028 823 4096 rerum
854 4026 977 4095 stricto
996 4023 1188 4097 tenebatur
1211 4038 1246 4097 et
1278 4022 1419 4098 flebiles

198 4139 369 4214 movebat
388 4137 552 4212 aflectus.
572 4139 813 4236 Quapropter,
833 4152 871 4212 ut
894 4142 972 4236 ipse
992 4137 1109 4236 Rojas
1128 4141 1166 4211 in
1190 4167 1208 4207 «
1228 4139 1383 4240 Prologo
1397 4169 1417 4211 ›>

196 4255 371 4329 editionis
401 4281 502 4332 anno
538 4255 650 4328 MDH
682 4253 841 4354 vulgatae
870 4268 985 4344 notat,
1019 4253 1116 4352 quod
1156 4255 1418 4330 comoediarum

198 4372 312 4446 modo
336 4374 463 4468 incipit
484 4375 522 4442 in
552 4368 769 4466 tragoediam
803 4370 947 4460 desinit,
987 4369 1073 4444 dum
1111 4397 1276 4468 personae
1314 4371 1420 4444 iactis

229 4595 268 4660 (1)
285 4591 325 4654 Cf,
344 4590 413 4642 verbi
426 4592 515 4658 gratia,
535 4591 674 4653 Josefinam
688 4590 760 4641 illam
781 4607 838 4656 quae
859 4606 927 4639 anno
946 4589 1054 4640 MDXX
1072 4590 1097 4640 in
1112 4607 1217 4642 scenam
1233 4593 1357 4658 producta
1371 4601 1418 4642 est.

192 4673 267 4740 Quia
279 4671 369 4722 vividis
379 4671 504 4723 coloribus
518 4673 611 4722 Micael
624 4673 655 4720 dc
667 4673 778 4736 Carvaja
787 4671 913 4721 lamorem
924 4670 1040 4738 depinxit
1049 4670 1111 4724 talia
1122 4687 1150 4732 se
1163 4671 1195 4726 ab
1208 4671 1264 4728 aliis
1277 4681 1420 4728 mutuatum

192 4771 258 4808 esse
273 4752 402 4822 praedicat.
