3388 5458
242 1353 333 1425 Vere
354 1365 476 1424 tamen
499 1351 743 1449 hispaniensis
763 1365 814 1438 est
838 1353 1038 1442 Celestz'na,
1064 1377 1145 1424 cum
1170 1353 1351 1426 sentiendi
1379 1364 1416 1428 et

193 1469 381 1566 cogitandi
409 1468 562 1542 formam
595 1469 789 1567 quamdam
818 1469 979 1566 praebeat
1008 1495 1092 1565 quae
1127 1469 1279 1542 multum
1317 1468 1415 1568 apud

194 1585 283 1682 Lope
311 1587 355 1658 de
388 1587 482 1685 Vega
515 1584 661 1684 ejusque
690 1585 889 1682 discipulos
922 1585 1070 1682 vigebit,
1106 1611 1190 1682 quae
1222 1611 1306 1658 vero
1340 1611 1414 1658 non

193 1704 336 1797 penitus
357 1705 393 1773 in
416 1704 540 1774 animo
559 1714 622 1774 tuo
642 1701 818 1775 insidebit
836 1704 866 1774 si
896 1700 1006 1797 longe
1029 1728 1049 1774 a
1076 1701 1264 1800 Pyrenaeis
1285 1705 1414 1776 monti·

193 1815 259 1888 bus
293 1821 331 1888 in
364 1817 480 1890 lucem
520 1829 709 1914 susceptus
737 1817 818 1890 eris.
850 1818 936 1890 Non
968 1821 1067 1889 enim
1096 1830 1237 1891 tantum
1271 1821 1415 1914 proprio

81 1933 86 1940 “
192 1943 367 2030 quantum
396 1932 544 2030 publico
565 1937 716 2032 ingenio
736 1935 933 2007 Fernando
956 1935 999 2006 de
1017 1933 1131 2032 Rojas
1150 1937 1301 2007 inservit
1327 1935 1413 2008 dum

191 2048 380 2122 contrariis
399 2054 581 2124 contraria
602 2055 650 2122 ita
682 2055 835 2148 opponit
871 2063 908 2123 ut
942 2049 1114 2124 ridiculas
1147 2061 1183 2122 et
1214 2050 1433 2125 horrendas

190 2191 255 2254 reS,
281 2164 386 2238 fortia
404 2177 440 2238 et
460 2167 645 2263 impudica
664 2166 771 2256 lacta,
801 2193 885 2265 quae
911 2168 1104 2264 praecipuis
1132 2177 1195 2240 aut
1233 2167 1413 2265 religiosis

190 2285 355 2378 personis
387 2298 422 2355 et
457 2308 541 2380 quae
573 2282 727 2378 plebeiis
760 2295 795 2356 et
833 2281 1060 2380 ignobilibus
1079 2287 1303 2356 conveniant
1323 2283 1413 2358 mira

190 2396 396 2471 diversitate
414 2404 565 2495 iungere
585 2397 681 2472 haud
697 2399 849 2473 dubitet.
875 2399 996 2472 Fictas
1022 2397 1139 2472 solum
1173 2411 1209 2471 et
1228 2424 1412 2473 commen-

191 2516 298 2585 ticias
335 2512 477 2586 tabulas
510 2517 742 2611 praetermisit
797 2514 930 2613 quibus
976 2539 1199 2612 quamquam
1253 2515 1410 2610 Hispani

189 2628 428 2726 indulgebant
444 2655 546 2702 veras
567 2631 755 2704 hominum
790 2630 970 2728 imagines
1007 2654 1209 2727 repugnare
1243 2628 1408 2727 putabat.

190 2743 290 2816 Nibil
310 2759 432 2817 autem
459 2751 577 2846 magis
598 2773 707 2843 quam
729 2750 762 2820 C
763 2745 920 2819 elestz'na
940 2746 1139 2820 humanam
1159 2771 1268 2843 saepe,
1297 2757 1337 2818 ut
1361 2750 1413 2818 ita

188 2857 320 2949 dicam,
361 2871 396 2932 et
435 2860 706 2959 hispaniensem
740 2887 882 2959 semper
918 2865 1106 2934 veritatem
1145 2865 1270 2959 spirat.
1311 2860 1411 2954 Quid

186 2978 297 3064 enim,
313 2974 341 3048 si
363 3001 596 3071 personarum
625 2981 789 3050 omnium
810 2977 960 3073 ingenia
980 2975 1209 3049 considerare
1237 2975 1407 3068 volueriS,

186 3090 459 3186 quidomissum
478 3096 614 3166 senties
641 3091 739 3190 quod
769 3091 815 3164 ad
836 3115 953 3164 mores
981 3092 1237 3188 exprimendos
1261 3091 1411 3166 valeat?

186 3205 304 3278 Multa
319 3205 427 3279 etiarn
449 3206 541 3280 adeo
561 3208 685 3280 divine
715 3208 902 3308 finguntur
921 3220 959 3280 ut
979 3207 1141 3281 viventes
1166 3211 1265 3304 ipsos
1298 3207 1411 3280 homi·

186 3346 251 3394 nes
270 3320 455 3394 audivisse
471 3336 652 3395 auctorem
669 3323 784 3397 dicas.
805 3325 938 3396 Nonne
953 3327 1072 3397 verius
1090 3347 1174 3396 vero
1193 3336 1248 3396 est
1262 3324 1410 3398 Areusae

186 3436 406 3535 colloquium
427 3437 641 3512 famularum
661 3444 773 3512 vitam
809 3438 1049 3512 describentis
1073 3455 1109 3512 et
1131 3439 1317 3512 dolentis?
1337 3441 1410 3513 Ne-

186 3556 398 3650 quicquam‚
416 3566 451 3626 et
471 3558 509 3626 in
541 3553 657 3626 latina
676 3559 787 3628 etiam
806 3557 1001 3642 comoedia,
1030 3555 1222 3628 vividiores
1249 3559 1410 3652 requiras

185 3671 343 3765 picturas
368 3669 414 3740 ad
450 3673 695 3743 ministrorum
729 3684 765 3744 et
798 3674 1024 3744 meretricum
1045 3671 1261 3768 cupiditates
1294 3669 1409 3768 expri-

185 3784 366 3857 mendas?
386 3784 486 3856 Nihil
513 3788 707 3859 Fernundo
733 3789 777 3858 de
812 3787 927 3886 Rojas
965 3787 1134 3860 licentius
1160 3813 1240 3860 esse
1269 3786 1411 3860 videtur

185 3901 282 3986 quod
304 3899 450 3998 quidem
472 3917 605 3974 certam
628 3915 837 3976 naturarum
866 3903 1022 4000 speciem
1044 3903 1219 4000 praebeat.
1257 3903 1408 3976 Areusae

185 4042 307 4088 amore
328 4043 400 4113 quo
429 4019 609 4090 Parmeno
643 4019 752 4090 modo
785 4019 984 4116 perfruatur
1013 4019 1110 4091 haud
1140 4022 1258 4115 ignari
1284 4043 1409 4092 sumus

184 4158 266 4205 cum
284 4131 471 4203 Celcstina
491 4133 587 4205 illius
607 4160 755 4207 veneres
785 4149 819 4207 et
845 4135 949 4232 hujus
974 4133 1138 4206 ardorem
1169 4138 1352 4206 intueatur
1373 4147 1408 4205 et

185 4247 371 4344 depingat.
404 4249 488 4320 Non
514 4251 634 4321 minus
654 4249 826 4346 improbis
846 4275 1112 4348 nonnunquam
1141 4249 1257 4324 verbis
1276 4247 1407 4322 Elicio

184 4375 220 4435 et
254 4364 468 4461 Sempronio
496 4362 736 4453 delectantur,
783 4366 915 4438 nedum
955 4365 1183 4439 dominorum
1221 4365 1343 4439 studia
1371 4376 1407 4438 et

185 4503 371 4574 sermones
397 4503 537 4575 semper
569 4483 765 4554 imitentur.
802 4480 912 4575 Quod
941 4495 1163 4577 compertum
1194 4480 1347 4554 habebis
1375 4483 1405 4551 si

186 4595 302 4689 epulis
326 4593 481 4668 adfueris
519 4619 610 4690 quas
643 4598 680 4664 in
719 4596 917 4670 Celestinae
963 4597 1072 4670 domo
1105 4623 1179 4669 non
1220 4599 1308 4686 suiS,
1341 4594 1405 4668 sed

188 4709 318 4786 Calisti
352 4714 526 4807 impensis
560 4713 740 4786 Parmeno
759 4712 930 4786 celebrat.
954 4715 1050 4788 Dum
1072 4711 1169 4785 enim
1207 4711 1245 4785 in
1280 4714 1404 4786 vinum
