3388 5458
858 483 1036 530 —110-

337 628 459 721 Quam
488 632 776 726 incongruenter,
821 629 1007 726 permixtis
1039 629 1316 726 antiquioribus
1335 641 1370 702 et
1391 631 1557 704 recentio-

335 744 433 816 ribus
454 743 544 817 locis
565 759 599 817 et
631 745 863 841 temporibus
890 744 937 816 ab
967 746 1151 841 Hispania
1177 749 1214 815 in
1236 745 1395 816 Alrieam
1419 761 1454 818 et
1474 747 1560 846 Scy-

335 859 450 934 thiam
495 873 530 934 et
585 861 860 958 longinquiores
897 865 1065 958 regiones
1124 865 1284 933 vicissim
1324 863 1557 936 traducimur!

338 974 482 1068 Quibus
495 1002 539 1048 ex
556 974 765 1072 mirificiset
785 979 1002 1071 portentosis
1024 975 1368 1074 rebusquamquam
1388 977 1560 1075 Johannis

335 1093 434 1163 dela
462 1089 735 1165 Cuevnlabulae
756 1103 936 1176 constant,
962 1089 1072 1186 longe
1110 1103 1194 1165 sunt
1224 1105 1346 1164 tamen
1374 1106 1413 1164 ut
1448 1093 1560 1164 abeis

336 1207 427 1305 Lupe
468 1206 615 1304 ejusque
669 1207 838 1303 discipuli
874 1231 1018 1302 semper
1051 1206 1281 1280 abhorreant.
1315 1209 1374 1298 Ut,
1412 1208 1559 1305 exempli

335 1325 467 1418 gratia,
489 1322 548 1394 El
560 1320 732 1419 principe
761 1321 898 1406 tz'rnno,
934 1325 985 1392 sic
1015 1324 1071 1395 No
1103 1323 1176 1422 lzny
1196 1349 1256 1394 ser
1290 1326 1408 1420 padre
1444 1323 1561 1396 sz'endo

336 1462 401 1535 rey
421 1438 474 1533 (1)
497 1436 543 1509 ad
564 1441 700 1509 exitum
717 1451 896 1534 properat,
921 1463 988 1508 nec
1009 1463 1082 1508 non
1101 1437 1275 1536 quaedam
1315 1438 1361 1510 ab
1389 1441 1447 1510 El
1467 1441 1559 1535 Infa-

336 1554 461 1624 mndor
493 1565 676 1625 mutuatur
716 1553 774 1624 El
803 1553 995 1626 Bnrlador
1032 1556 1076 1624 de
1114 1552 1260 1627 Sevr‘lln
1300 1553 1366 1650 (2).
1400 1555 1558 1628 Veterem

336 1693 481 1766 quoque
512 1666 784 1740 Sevillanorum
814 1679 958 1764 poetam
994 1667 1046 1739 illi
1076 1671 1305 1764 perlexerunt
1343 1673 1404 1767 qui
1439 1681 1560 1768 postea

335 1783 393 1856 El
407 1784 592 1857 Bastardo
611 1783 795 1854 Mndnrrn
819 1785 880 1883 (3),
914 1783 982 1855 [os
1004 1782 1105 1858 Siete
1132 1785 1299 1882 Infantes
1328 1775 1371 1856 dc
1396 1786 1492 1856 Lora
1512 1786 1558 1876 (4)

337 1919 371 1971 et
397 1899 454 1972 El
473 1902 584 1971 Cerco
608 1900 653 1970 de
676 1897 838 1970 Zamora
872 1900 924 1993 (5)
950 1899 1248 1994 composuerunt:

387 2013 486 2107 Quid
512 2040 556 2086 ex
589 2013 645 2086 his
665 2013 861 2086 inieramus
895 2016 1066 2110 oportet?
1093 2015 1216 2086 Primo
1233 2013 1306 2111 jam
1329 2019 1447 2086 aetatis
1466 2013 1558 2110 apud

340 2130 530 2226 Hispanos
565 2154 718 2202 «aureae
737 2158 756 2196 r>
788 2127 897 2201 dictae
920 2142 1011 2220 ortu,
1055 2154 1140 2202 num
1181 2127 1374 2203 Celestz'noe
1411 2132 1559 2225 vestigia

335 2244 430 2317 adeo
468 2257 587 2341 poetae
623 2246 793 2318 deserunt
813 2257 852 2317 ut
870 2270 973 2317 veras
994 2270 1109 2318 rerum
1130 2258 1165 2318 et
1181 2244 1369 2318 hominum
1387 2243 1558 2341 imagines

338 2359 467 2433 referre
491 2359 768 2457 dedignentur?
797 2361 882 2434 Non
904 2364 955 2432 ita
975 2387 1013 2433 se
1032 2386 1089 2433 res
1109 2360 1232 2433 habet.
1265 2361 1446 2434 Fictarum
1477 2385 1558 2432 sane

336 2489 371 2549 et
406 2503 428 2548 a
462 2476 680 2576 quotidiano
706 2502 774 2549 usu
806 2491 1025 2552 remotarum
1054 2475 1258 2550 fabularum
1292 2477 1411 2550 studio
1446 2478 1557 2571 magis

338 2593 527 2693 magisque
547 2593 702 2690 Hispani
731 2593 939 2690 indulgent,
962 2620 1036 2666 non
1057 2591 1081 2664 ii
1100 2618 1183 2666 vero
1198 2592 1284 2665 lacti
1306 2597 1367 2690 qui
1399 2596 1558 2666 scenicos

337 2707 440 2782 ludos
473 2708 578 2783 flocci
605 2708 741 2782 iaciant
772 2713 809 2780 in
839 2707 972 2806 quibus
1016 2734 1178 2806 personae
1217 2708 1416 2782 viventium
1456 2706 1557 2780 modo
1651 2801 1652 2806 ἵ

337 2827 471 2922 spirare
501 2824 705 2898 videantur.
744 2824 861 2917 Quos
895 2824 995 2899 verbi
1027 2824 1157 2922 gratia,
1195 2823 1363 2897 homines
1383 2828 1422 2894 in
1445 2826 1558 2895 mimis

338 2967 357 3008 «
369 2943 500 3037 farsas
515 2971 534 3011 »
569 2953 644 3012 aut·
671 2969 688 3008 «
705 2951 923 3013 entremeses
941 2971 959 3010 »
994 2941 1103 3014 dictis
1142 2941 1252 3041 Jnnn
1289 2942 1332 3012 de
1374 2940 1405 3010 T
1402 2937 1557 3010 z'monedn

234 3045 236 3050 ¹
337 3055 588 3154 colloquentes
619 3054 759 3128 inducit
786 3059 854 3127 nisi
888 3059 950 3152 qui
979 3055 1098 3128 locum
1128 3059 1166 3128 in
1202 3055 1398 3129 Celestr'nn
1428 3053 1500 3150 jure
1519 3077 1558 3124 ac

337 3176 465 3246 merito
480 3171 548 3244 sibi
566 3169 753 3243 vindicare
781 3184 929 3266 possent
948 3173 965 3243 i
988 3171 1027 3243 Si
1051 3171 1211 3268 ejusdem
1228 3184 1291 3244 aut
1315 3171 1443 3243 Alonsi
1459 3171 1500 3242 de
1527 3169 1559 3239 ln

297 3361 300 3369 ,
344 3288 438 3386 Vegn
458 3285 660 3359 comoedias
680 3284 869 3373 evolveris,
894 3285 1019 3358 lamul':
1040 3286 1106 3358 tibi
1121 3299 1308 3360 occurrent
1337 3290 1399 3384 qui
1423 3283 1554 3357 eisdem

336 3429 379 3476 ac
400 3401 612 3500 Semproni-'o
632 3415 693 3474 aut
713 3402 745 3473 T
740 3400 864 3474 rz'stan
885 3400 1023 3475 salibus
1050 3413 1086 3475 et
1105 3402 1246 3476 facetiis
1265 3415 1426 3476 utuntur.
1450 3400 1558 3499 Jnan

336 3520 379 3590 de
399 3519 435 3590 ln
455 3521 579 3592 Cnevn
613 3521 703 3614 ipse,
736 3543 962 3616 quamquam
993 3518 1192 3608 Nemesim,
1220 3519 1416 3600 Somnum,
1443 3515 1557 3587 Betim

335 3633 484 3708 fluvium
506 3632 670 3731 aliasque
703 3631 887 3706 labulares
913 3659 1086 3729 personas
1107 3625 1314 3730 interponit,
1340 3629 1558 3704 l‘elestinam

337 3749 485 3823 laudare
510 3775 585 3824 non
618 3748 764 3838 dubitat
793 3747 844 3846 (6)
867 3750 968 3847 cujus
998 3739 1274 3822 incantamenta
1300 3762 1336 3821 et
1372 3744 1558 3819 machinas

337 3866 384 3940 ad
416 3865 550 3965 puellae
583 3852 737 3939 vamoren
773 3865 935 3938 Lencino
964 3863 1239 3939 conciliandum
1272 3863 1440 3937 Teodora
1476 3853 1557 3932 lena

337 3981 500 4056 adhibet.
538 3983 622 4055 Duo
655 3981 814 4078 denique
834 3981 1028 4054 theatralia
1060 4005 1170 4077 opera
1202 4005 1286 4080 quae
1324 3979 1380 4052 vel
1415 3975 1557 4048 maximi

336 4111 422 4175 ante
448 4099 541 4199 Iope
559 4100 608 4183 de
633 4099 729 4198 Vaga
749 4096 968 4171 aestimanda
986 4111 1071 4171 sunt
1089 4095 1203 4196 Rq'ns
1217 4090 1336 4169 'nostri
1358 4093 1504 4167 modum
1523 4101 1556 4161 et

367 4327 406 4391 (ι)
422 4323 561 4374 Francisco
582 4322 615 4372 de
639 4320 728 4386 Rojas.

369 4405 409 4471 (2)
427 4403 503 4454 Tirso
517 4403 551 4453 de
570 4400 678 4452 Molina.

367 4485 406 4551 (3)
423 4485 495 4550 Lope
510 4484 543 4533 de
554 4482 639 4549 Vaga.

367 4567 404 4630 (4)
422 4564 538 4614 Hurtado
551 4561 674 4614 Velarde.

367 4645 402 4710 (5)
418 4643 566 4695 Diamante.

274 4781 275 4790 ,
366 4724 403 4793 (6)
417 4722 452 4777 ct
470 4723 643 4776 Comatam
655 4722 816 4788 Infamdor.
