3388 5458
668 513 829 596 -69-

145 671 193 747 sic
212 677 250 747 in
271 679 346 750 vita
366 675 533 750 homines
552 702 614 774 per
633 675 777 750 diversa
795 673 1044 750 fluctuantur?
1064 676 1205 774 ltaque,
1220 677 1249 747 si
1266 671 1362 774 quaef·

143 789 224 862 dam
249 790 363 892 Rojas
395 817 508 890 parva
536 805 598 866 aut
627 791 818 866 fastidiosa
837 789 991 888 scripsit,
1029 816 1164 865 novam
1179 803 1302 865 tamen
1323 793 1361 863 in

142 905 368 1004 disponenda
387 907 512 982 labula
527 913 623 982 viam
640 912 824 1006 ingressus
843 923 898 982 est
913 921 948 982 et
962 904 1116 1006 primam
1131 909 1361 1004 tragicomoe·

143 1018 239 1093 diam
261 1028 477 1121 composuit.

190 1137 259 1212 Cui
275 1137 408 1213 labulae
422 1142 525 1213 novis
540 1165 686 1238 quoque
702 1141 822 1212 nervis
837 1163 928 1237 opus
938 1150 1015 1212 erat
1025 1137 1086 1238 qui
1101 1137 1148 1211 ad
1159 1140 1359 1237 praecipuos

143 1276 257 1327 rerum
272 1267 308 1326 et
330 1253 518 1329 hominurn
535 1267 653 1329 motus
672 1255 928 1353 exprimendos
942 1253 1115 1330 valerent.
1143 1255 1235 1350 Quae
1250 1255 1359 1352 igitur

142 1379 194 1440 est
208 1394 320 1443 causa
335 1395 398 1443 cur
416 1371 462 1444 ad
482 1371 664 1469 agendum
687 1371 854 1444 homines
866 1370 1077 1470 plerumque
1092 1368 1357 1468 impellantur?

143 1483 246 1557 Unde
265 1490 370 1584 quasi
388 1512 408 1559 e
427 1487 527 1559 lonte
543 1487 761 1562 inexhausto
778 1491 869 1560 risus
884 1500 919 1561 et
935 1486 1106 1578 lacrimae,
1129 1484 1300 1584 praeclare
1319 1497 1356 1559 et

143 1597 274 1672 nelarie
289 1600 385 1674 lacta
404 1601 605 1675 exsiliunt?
626 1604 711 1695 Qua
726 1628 868 1701 semper
880 1607 915 1678 vi
931 1601 1029 1677 dulci
1056 1601 1163 1675 simul
1176 1613 1212 1674 et
1230 1625 1356 1674 amara

141 1712 277 1811 patricii
304 1728 340 1788 et
366 1716 500 1814 plebeii
528 1718 679 1816 juvenes
705 1731 742 1792 et
769 1722 880 1793 etiam
906 1743 1012 1792 senes
1038 1717 1355 1791 commoventur?

32 1829 35 1838 ⁴
141 1830 271 1903 Nonne
315 1831 396 1906 haec
431 1833 555 1906 omnia
588 1838 721 1908 amoris
749 1839 950 1934 potentiam
980 1832 1068 1908 satis
1091 1831 1303 1930 significant
1338 1831 1355 1906 l

140 1947 258 2040 Quam
279 1949 394 2036 Rojas
412 1947 517 2023 valde
538 1955 710 2048 cognovit
730 1966 765 2025 et
794 1951 945 2049 propriis
968 1950 1133 2047 depinxit
1146 1945 1346 2021 coloribus.

139 2061 219 2134 Non
243 2065 343 2134 enim
362 2069 408 2146 ei,
436 2065 533 2140 velut
551 2069 712 2165 antiquis
741 2066 869 2165 poetis,
893 2069 1052 2164 corporis
1070 2077 1213 2138 tantum
1237 2063 1353 2136 forma

138 2176 304 2250 mulieres
324 2183 483 2254 eminere
502 2181 772 2272 videnturfmec
791 2208 925 2272 rursus,
944 2181 1042 2256 velut
1058 2179 1159 2254 Italis
1173 2180 1352 2275 scriptori-

138 2292 216 2379 bus,
250 2319 347 2367 nunc
380 2301 597 2395 excogitatis
626 2311 662 2372 et
690 2298 888 2373 humanum
922 2297 1071 2373 modum
1090 2292 1352 2370 excedentibus

138 2409 339 2504 virtutibus
375 2438 471 2486 nunc
504 2418 624 2512 pravis
651 2427 686 2489 et
719 2415 854 2488 dolosis
882 2411 1130 2511 voluptatibus
1162 2423 1348 2509 praestare.

137 2525 275 2597 Novam
311 2541 437 2600 contra
455 2541 491 2602 et
511 2534 629 2628 magis
647 2533 885 2605 recentiorum
914 2530 1035 2605 studio
1063 2541 1349 2601 consentaneam

133 2643 290 2736 speciem
311 2641 472 2717 Melibea
491 2646 610 2720 induit
630 2673 714 2746 quae
743 2661 778 2719 et
810 2648 1019 2721 Maurarum
1038 2643 1166 2720 ardore
1185 2643 1295 2716 lervet
1314 2655 1351 2715 et

132 2753 418 2832 Christianarum
432 2765 582 2836 caritate
595 2763 766 2839 mollitur.
790 2763 884 2838 Cum
904 2775 1026 2837 autem
1047 2760 1094 2833 ab
1117 2787 1161 2834 ea
1176 2771 1252 2833 toto
1275 2783 1349 2831 non

130 2869 245 2945 solum
262 2897 409 2972 corpore
425 2877 488 2950 sed
511 2883 622 2952 otiam
642 2882 766 2953 animo
791 2877 937 2954 Calisto
963 2876 1148 2974 diligatur,
1172 2899 1294 2948 amore
1313 2883 1349 2946 et

129 2987 205 3082 ipse
224 2985 355 3084 flagrat
372 2996 433 3088 qui
455 2997 569 3066 animi
586 2991 720 3092 pariter
738 3020 782 3068 ac
794 2997 954 3092 corporis
968 2990 1217 3089 voluptatibus
1236 2993 1348 3063 inser·

125 3099 186 3174 vit.
212 3105 353 3178 Omnes
373 3106 497 3206 itaque
511 3124 675 3206 pastores
689 3124 751 3184 aut
766 3115 965 3208 armigeros
987 3106 1110 3205 procul
1134 3132 1214 3179 ase
1238 3104 1346 3178 relin-

126 3220 204 3313 quit
218 3223 280 3316 qui
302 3224 340 3293 in
360 3223 538 3318 prioribus
559 3225 705 3322 Eclogis
721 3225 831 3324 lyrico
852 3221 1192 3322 modoCupidinem
1207 3221 1346 3294 eisdem

124 3355 266 3430 semper
284 3337 439 3433 querelis
454 3341 776 3438 prosequebantur.
800 3343 884 3437 Quo
904 3339 1079 3414 validiore
1092 3337 1153 3411 ille
1173 3349 1210 3410 et
1231 3335 1345 3410 multo

125 3450 244 3544 magis
259 3456 399 3548 tragico
415 3453 548 3530 affectu
559 3456 734 3530 excitetur
748 3456 1005 3530 subtiliternos
1017 3453 1205 3528 Celestina
1223 3451 1342 3525 docet.

124 3590 140 3628 «
164 3563 308 3655 Nullas,
330 3569 457 3666 inquit,
483 3585 650 3645 amantes
671 3574 849 3645 nisiinter
867 3598 906 3645 se
925 3583 1132 3668 pugnantes
1157 3593 1214 3641 res
1237 3587 1345 3665 agere

121 3697 275 3774 possunt
287 3689 349 3781 qui
368 3712 435 3759 nec
461 3688 658 3786 loquuntur
673 3714 741 3761 nec
760 3687 882 3774 silent,
900 3691 962 3786 qui
984 3711 1083 3760 nunc
1097 3683 1226 3758 laetitia
1247 3709 1344 3756 nunc

121 3793 246 3870 dolore
277 3799 492 3894 afficiuntur,
527 3803 619 3877 adeo
649 3807 877 3877 insanientes
903 3821 936 3876 et
957 3801 1061 3876 deliri
1082 3813 1122 3874 ut
1147 3826 1194 3874 ne
1222 3799 1343 3873 cibum

119 3913 271 4006 quidem
298 3915 336 3987 in
359 3944 399 3990 os
425 3919 606 3993 inserendi
629 3945 807 3994 memores
829 3921 936 3994 fiant.
964 3917 1066 3992 Nihil
1087 3941 1251 4014 unquam
1273 3917 1343 3988 nisi

119 4025 281 4102 absurda
296 4047 332 4104 et
345 4033 485 4108 absona
497 4035 716 4131 respondent
732 4048 856 4132 utpote
877 4059 1031 4134 quorum
1051 4058 1181 4131 corpus
1201 4042 1343 4104 tantum

117 4139 234 4234 adsit3
274 4151 420 4220 animus
449 4176 531 4222 vero
552 4149 646 4223 absit
672 4149 718 4221 ad
739 4157 896 4224 amicam
919 4148 1173 4248 requirendam
1205 4146 1343 4244 prolec-

116 4273 227 4330 tus».
256 4263 309 4355 (r)
334 4263 418 4336 Non
439 4269 489 4337 ita
518 4265 687 4338 absoluto
716 4279 848 4339 ceterae
874 4289 1053 4362 personae‚
1084 4262 1147 4336 sed
1180 4260 1342 4360 ejusdem

115 4378 263 4466 generis
290 4377 462 4473 cupidine
477 4381 615 4467 ardent,
641 4385 717 4454 sive
738 4381 854 4453 Elicia
873 4379 980 4477 justae
996 4391 1139 4453 tantum
1159 4382 1219 4450 irae
1238 4402 1340 4450 man·

116 4486 198 4561 dara
223 4497 379 4589 exsequi
407 4511 520 4590 putat,
556 4499 631 4569 sive
660 4498 841 4570 Parmeno
881 4495 1021 4570 domini
1051 4493 1206 4570 salutem
1243 4492 1340 4566 fictis

142 4736 178 4798 (1)
195 4735 238 4787 Ci.
257 4738 357 4788 Actum
375 4739 420 4790 lX.
