3416 5460
841 486 1004 564 ..36-

295 652 399 723 ¹suis
421 648 469 722 ad
499 647 687 722 infamiam
718 661 942 746 mortemque
964 648 1203 722 adducuntur.
1222 647 1355 720 Nonne
1392 651 1546 746 primum
1652 657 1656 666 '

307 771 445 840 'actum
478 764 571 837 adeo
609 762 760 862 longum
807 763 920 862 Rojas
954 763 1084 837 iecisse
1122 763 1262 836 videtur
1295 767 1382 861 quia
1406 764 1546 838 nullum

321 880 446 971 alium,
473 903 553 953 cum
576 879 621 951 ad
637 878 868 952 scribendum
883 904 1075 976 aggressus
1103 891 1157 952 est
1180 878 1449 953 meditabatur?

369 998 466 1092 Quae
486 1020 568 1068 cum
589 999 702 1092 prima
719 998 829 1068 totius
846 994 963 1092 operis
996 994 1110 1068 lorma
1130 995 1203 1068 dici
1235 999 1361 1092 possit,
1384 998 1546 1070 secunda

320 1125 375 1186 est
402 1137 487 1210 quae
507 1116 545 1183 in
570 1111 685 1208 prima
704 1109 866 1184 editione
902 1111 1075 1210 (Burgus,
1119 1111 1543 1206 MCCCCLXXXXIX)

321 1229 504 1302 sexdecim
519 1253 563 1300 ex
579 1226 722 1300 actibus
738 1241 882 1300 constat
895 1239 930 1298 et
950 1225 1038 1297 milri
1061 1226 1207 1323 quidem
1233 1227 1293 1314 (de
1308 1254 1379 1324 quo
1401 1233 1546 1323 penitus

321 1345 519 1418 disserendi
549 1343 770 1416 nonest‘hic
799 1343 912 1433 locus)
932 1343 1169 1414 dramaticam
1200 1347 1364 1414 virtutem
1387 1348 1545 1416 maxime

323 1465 448 1534 mereri
468 1458 618 1532 videtur.
657 1461 800 1531 Etenim
826 1458 853 1530 si
880 1457 1051 1556 quaedam
1080 1483 1313 1555 personarum
1350 1457 1543 1531 ratiocina-

320 1580 440 1650 tiones
460 1601 527 1647 nec
547 1601 621 1648 non
637 1589 672 1646 et
703 1589 822 1670 partes
844 1573 1033 1647 nonnullae
1052 1574 1199 1646 inutiles
1219 1578 1538 1670 supprimerentur,

320 1691 412 1764 nihil
434 1690 624 1787 impediret
658 1693 746 1786 quin
770 1689 960 1764 Celestz'na
981 1694 1017 1762 in
1046 1715 1194 1762 scenam
1216 1690 1367 1786 produci
1402 1707 1538 1788 posset.

319 1807 393 1881 Sed
415 1831 497 1880 cum
518 1805 866 1903 legentibuspotius
887 1832 995 1904 quam
1018 1807 1252 1879 audientibus
1285 1807 1538 1894 destinaretur,

318 1949 399 1996 cum
417 1935 539 1996 autem
560 1921 699 1994 videret
718 1935 843 1994 auctor
862 1947 935 2018 quo
955 1921 1075 1994 lavore
1100 1925 1348 2019 exciperetur(
1362 1931 1403 2013 ι),
1424 1927 1541 2020 primo

319 2043 439 2135 operis
453 2037 609 2110 consilio
631 2037 808 2111 nonnulla
828 2037 958 2110 addere
975 2063 1085 2110 ausus
1105 2051 1170 2110 est.

367 2157 407 2228 ln
429 2185 446 2222 «
461 2156 647 2254 Prologo»
668 2154 728 2251 qui
749 2153 784 2224 in
812 2153 973 2226 editione
990 2179 1089 2226 anno
1112 2155 1222 2226 MDll
1245 2154 1391 2251 vulgata
1409 2154 1541 2252 legitur

307 2273 514 2345 'Fernarrdo
538 2273 580 2343 de
599 2269 713 2366 Rojas
738 2281 921 2366 computat
943 2295 1052 2366 quam
1087 2269 1241 2344 diversae
1276 2271 1319 2342 de
1349 2270 1539 2344 Celestz'na

317 2386 448 2460 luerint
469 2386 668 2484 legentium
689 2379 894 2472 sententiae,
920 2385 1067 2483 aliaque
1086 2412 1123 2458 se
1145 2385 1350 2459 adscribere
1377 2387 1539 2460 declarat

316 2503 449 2600 quibus
470 2528 543 2575 non
559 2506 712 2574 omnino
732 2501 974 2574 detrectantes
989 2506 1170 2597 reprimat.
1197 2502 1415 2600 sedpopulo
1436 2508 1539 2576 satis·

314 2617 423 2691 iaciat
446 2642 620 2691 novarum
648 2643 762 2689 rerum
785 2643 925 2713 semper
944 2616 1088 2714 cupido.
1110 2617 1194 2690 ldeo
1215 2618 1262 2689 ab
1291 2645 1390 2692 anno
1424 2621 1536 2692 MDll

235 2757 237 2760 ·
316 2733 505 2808 Celestz'na
532 2761 576 2806 ex
597 2759 671 2807 uno
696 2746 732 2806 ct
764 2737 894 2829 viginti
934 2732 1076 2806 actibus
1110 2747 1252 2806 constat
1277 2734 1538 2832 nonnullisque

313 2849 432 2924 scenis
460 2850 594 2923 ditatur
620 2875 705 2947 quae
726 2848 987 2921 delicatissime
1008 2849 1196 2922 hominum
1219 2854 1363 2923 animos
1378 2876 1537 2948 perscru-

311 2978 433 3038 tantur
451 2981 487 3039 et
506 2966 709 3039 vehementi
727 2989 831 3037 cursu
845 2965 1072 3055 auleruntur;
1093 2965 1176 3038 aliis
1196 2992 1280 3038 vero
1298 2971 1537 3064 corrumpitur

312 3106 575 3178 quaepersaepe
594 3080 722 3158 eadem
752 3093 787 3152 et
816 3080 960 3152 inutilia
991 3085 1133 3170 iterant,
1172 3095 1208 3156 et
1235 3081 1399 3155 molliore
1433 3082 1533 3156 nodo

190 3283 194 3290 Ι
311 3197 445 3270 labulae
466 3197 747 3293 conjunguntur.
766 3196 996 3291 Quapropter
1021 3196 1252 3292 grammatici
1282 3198 1432 3295 quidam
1454 3203 1531 3297 qui,

241 3389 244 3395 ,
312 3316 407 3386 sicut
427 3316 545 3397 ceteri,
576 3313 718 3385 tertiam
753 3310 951 3384 Celestz'noe
979 3311 1131 3384 lormam
1152 3326 1292 3386 tantum
1325 3313 1446 3412 legere
1475 3343 1537 3413 po·

310 3441 457 3502 tuerunt
490 3427 696 3524 quibusque
730 3427 1026 3514 adnumerandus
1073 3441 1126 3500 est
1178 3431 1227 3502 D.
1255 3431 1538 3506 Buenavenluro

248 3565 252 3573 '
313 3542 606 3618 CarlosArz'bau
627 3545 678 3640 (2)
712 3568 791 3615 eam
821 3546 925 3640 quasi
945 3543 1067 3616 fictam
1103 3545 1290 3618 historiam
1310 3572 1390 3619 esse
1408 3552 1534 3621 existi-

313 3675 500 3733 maverunt
545 3685 639 3757 quae,
679 3684 902 3756 quamquam
949 3662 985 3729 in
1027 3660 1195 3757 dialogos
1229 3660 1425 3736 distributa
1462 3675 1531 3752 est,

311 3774 482 3848 librorum
499 3774 651 3872 primum
667 3774 850 3870 exemplar
871 3774 942 3846 dici
959 3787 1078 3877 potest
1093 3781 1169 3874 qui,
1181 3777 1399 3877 ignobilium
1415 3803 1534 3852 rerum

311 3905 346 3964 et
366 3916 598 3989 personarum
612 3890 697 3963 dum
717 3894 875 3986 speciem
896 3890 1045 3965 reddere
1060 3905 1250 3984 conantur,
1268 3923 1286 3962 «
1294 3895 1501 3992 picarescos
1514 3927 1533 3966 »

309 4019 394 4080 sunt
413 4009 625 4102 nuncupati.
641 4005 687 4078 At
698 4031 765 4078 nos
781 4005 1036 4080 contendimus
1048 4019 1084 4080 et
1103 4007 1178 4086 alio
1199 4008 1278 4083 loco
1293 4010 1529 4085 ostendemus

308 4121 534 4196 Celestinam
561 4120 712 4218 dignam
746 4147 825 4194 esse
860 4147 934 4194 non
961 4122 1078 4196 solum
1123 4151 1208 4224 quae
1234 4125 1531 4222 tragicomoediae

305 4237 455 4310 nomine
487 4250 642 4324 ornetur,
681 4235 745 4309 sed
781 4241 892 4309 etiam
926 4264 1012 4336 quae
1038 4238 1152 4337 prima
1179 4240 1277 4338 apud
1309 4245 1532 4316 recentiores

305 4354 459 4450 Europae
489 4353 656 4426 homines
687 4352 897 4426 dramaticis
918 4355 1118 4429 eminuisse
1138 4356 1310 4431 laudibus
1333 4357 1526 4433 habeatur.

337 4575 374 4640 (1)
385 4575 470 4639 Quem
483 4543 596 4624 levorem
618 4571 680 4621 satis
700 4571 845 4638 significant
861 4573 987 4624 editiones
999 4591 1057 4640 quae
1085 4575 1249 4628 Salamancae
1272 4577 1350 4644 (MD)
1379 4587 1406 4630 et
1419 4580 1528 4631 Sevillae

304 4655 394 4722 (MDl)
409 4653 565 4720 pervulgatae
581 4659 648 4703 sunt.
1244 4650 1247 4655 ’

334 4737 371 4806 (2)
386 4736 427 4787 Ct.
442 4736 609 4788 ‹Biblioteca
622 4735 656 4785 do
668 4735 777 4788 Autores
790 4735 945 4802 Espadoles,
958 4745 1029 4788 tomo
1047 4737 1091 4804 ΙΙΙ,
1105 4739 1215 4806 Madrid,
1234 4739 1422 4810 Rivadeneyra,
1437 4743 1526 4808 1849.»
