3388 5458
735 533 921 581 -101—

216 679 324 752 simili
352 679 631 777 intemperantia
658 681 826 754 Guamarl
846 679 1040 776 gloriatur.
1069 679 1140 754 Ubi
1168 679 1302 753 deinde
1318 682 1438 777 potius

213 821 324 895 quam
352 795 389 868 in
418 825 436 865 ‹<
457 794 663 868 Tz'aellarr'a
684 825 701 864 ›>
731 796 860 868 melius
876 799 1078 894 perspicere
1096 799 1213 893 possis
1228 821 1301 893 quo
1319 810 1437 869 vasta·

214 911 367 1002 tionum,
398 910 621 1008 flagitiorum
645 923 679 983 et
709 911 928 985 luxuriarum
964 911 1162 984 cardinalis
1196 910 1322 984 lamuli
1360 923 1436 984 tum

205 1030 469 1124 pervenirent?
496 1029 671 1100 Naturam
699 1030 814 1123 ipsam
836 1031 887 1098 ita
921 1027 1172 1099 Bartolomeus
1206 1026 1367 1100 imitatur
1397 1040 1437 1101 ut

214 1141 343 1244 uiginti
372 1157 408 1216 et
442 1143 593 1216 duarum
631 1167 864 1239 personarum
900 1147 1111 1216 varietatem
1149 1155 1306 1240 quatuor
1342 1146 1435 1216 nati·

214 1283 338 1331 vorum
370 1283 577 1332 sermonum
599 1258 806 1332 diversitate
844 1271 879 1332 et
900 1259 1148 1332 familiaritate
1168 1263 1432 1358 interpretetur.

216 1373 355 1446 Fabula
381 1399 465 1448 vero
494 1379 531 1446 in
566 1373 792 1472 disponenda
829 1374 978 1448 multum
1001 1401 1021 1447 e
1042 1399 1141 1447 nono
1170 1387 1253 1447 actu
1284 1375 1435 1449 assumit

214 1493 252 1562 in
296 1517 369 1588 quo
402 1491 607 1564 convivium
643 1490 830 1564 Celestina
865 1494 1008 1563 instruit
1045 1504 1082 1563 et
1115 1489 1294 1581 celebrat3
1328 1489 1434 1588 jinta·

213 1607 333 1679 culum
367 1610 465 1678 enim
503 1610 630 1704 primo,
673 1606 866 1704 prandium
906 1606 1054 1696 deinde,
1091 1604 1250 1704 denique
1286 1631 1432 1680 coenam

210 1721 391 1818 explicare
415 1726 504 1795 satis
535 1721 657 1794 habet.
691 1721 864 1795 Convivae
895 1723 1040 1819 quidem
1075 1721 1137 1793 alii
1172 1734 1268 1809 sunt,
1301 1721 1431 1795 iisdem

210 1861 293 1910 vero
342 1835 590 1936 depinguntur
623 1837 816 1910 coloribus.
859 1839 960 1930 Quin
1006 1838 1195 1910 Barrabas
1232 1837 1430 1912 Celestinae

209 1949 326 2024 verbis
346 1951 456 2026 utitur
494 1954 538 2027 ad
579 1952 755 2027 Lucretiae
790 1953 981 2026 illecebras
1017 1952 1282 2050 explanandas.
1318 1983 1335 2022 <‹
1358 1953 1429 2027 Ve-

210 2065 295 2140 tuta
326 2067 486 2165 gallinae,
521 2069 658 2168 inquit,
707 2069 960 2142 unctissimum
1012 2068 1134 2142 cibum
1171 2086 1355 2166 parant».
1397 2071 1429 2141 Α

208 2182 372 2257 lenarum
406 2209 552 2282 quoque
576 2189 703 2282 regina
729 2185 775 2258 ad
811 2185 965 2258 Matiam
995 2177 1160 2257 mercede
1199 2183 1428 2283 adstringen-

207 2299 294 2374 dum
324 2305 560 2376 certissimum
592 2301 740 2376 modum
775 2315 963 2390 ⁸mutuatur
988 2328 1060 2399 quo
1089 2304 1193 2397 quasi
1222 2299 1427 2374 firmissimo

205 2418 353 2490 vinculo
373 2419 554 2490 Parmeno
569 2417 758 2492 devinctus
773 2433 839 2491 est.
858 2417 957 2510 Quid
977 2417 1229 2490 multalNihil
1251 2417 1425 2491 lascivum

203 2547 242 2607 et
280 2533 468 2630 religionis
497 2537 618 2632 specie
644 2535 801 2607 celatum
831 2533 1018 2608 Celestina
1048 2533 1207 2632 loquitur
1239 2559 1312 2630 quo
1351 2559 1425 2606 non

203 2651 401 2745 impuriora
420 2667 455 2722 et
474 2653 592 2745 magis
624 2643 736 2746 impia
755 2653 827 2722 sint
848 2676 932 2746 quae
958 2653 994 2722 in
1015 2653 1121 2725 tertio
1140 2661 1223 2722 actu
1250 2651 1371 2748 Gaa'ay
1389 2663 1425 2723 et

200 2763 335 2837 Mania
354 2763 581 2862 proclamant
614 2779 652 2838 ut
686 2790 849 2838 mensam
880 2764 1116 2837 benedicant.

253 2879 410 2952 Felicem
448 2879 606 2978 denique
645 2895 853 2953 naturarum
888 2884 1131 2952 imitationem
1161 2883 1198 2952 in
1232 2880 1422 2955 comoediis

197 2993 369 3068 laudabis
389 3021 479 3094 quas
494 3009 674 3070 extremas
698 3001 853 3094 reposui.
877 2997 968 3089 Quae
993 3020 1216 3094 quamquam
1246 3021 1267 3068 a
1297 2995 1421 3069 Barto·

197 3108 319 3182 lomeo
345 3139 401 3182 «a
416 3110 589 3207 fantasia
606 3141 637 3200 r,
670 3111 705 3182 id
733 3125 788 3184 est
809 3111 854 3185 de
886 3138 923 3184 re
943 3112 1027 3184 ficta
1044 3110 1361 3210 denominantur(
1391 3114 1419 3208 ),

196 3227 378 3299 sinceram
401 3225 641 3300 nihilominus
655 3231 735 3300 vitae
756 3227 952 3324 imaginem
973 3226 1135 3324 praebent
1157 3253 1224 3298 nec
1246 3252 1267 3298 a
1292 3231 1420 3301 ceteris

195 3338 274 3412 ullo
299 3339 509 3414 discrimine
534 3341 786 3415 discernuntur
807 3347 875 3415 nisi
899 3342 1099 3416 tabularum
1122 3367 1215 3415 nova
1235 3353 1271 3414 et
1301 3347 1419 3440 magis

195 3453 400 3528 dramatica
436 3461 577 3531 virtute.
617 3460 893 3558 «Serafinam»
927 3473 1048 3531 tamen
1079 3458 1192 3531 fateor
1228 3457 1316 3555 quid
1344 3463 1418 3532 veri

193 3568 424 3645 simillimum
445 3577 492 3645 sit
512 3599 585 3644 non
600 3599 921 3672 semperquaerere.
937 3575 1173 3672 Hispaniensi
1188 3574 1336 3648 fortasse
1354 3574 1417 3648 sed

191 3711 271 3758 non
294 3685 453 3760 humano
469 3693 593 3761 animo
613 3691 649 3762 F
652 3689 808 3762 laristan
822 3703 970 3762 ornatus
989 3695 1133 3790 estqui,
1156 3704 1194 3763 ut
1211 3689 1416 3764 Serafinam

188 3817 431 3900 recuperaret,
456 3803 642 3876 innocenti
669 3817 703 3875 et
724 3804 844 3877 adhuc
861 3809 1007 3878 intactae
1028 3806 1146 3880 Orleae
1175 3805 1417 3880 confessionis

188 3932 229 3990 et
263 3910 388 3992 mortis
418 3923 673 3990 necessitatem
706 3919 936 4016 imposuisset
970 3921 998 3993 si
1020 3933 1223 4018 opportuno
1255 3938 1416 4017 tempore

187 4031 635 4106 Policiaaanonrediisset
650 4039 931 4132 morituramque
943 4036 1058 4109 iratris
1071 4036 1263 4133 conjugem
1277 4061 1415 4132 prosua

188 4148 423 4222 vindicasset.
453 4150 551 4242 Quid
574 4150 619 4222 de
646 4153 826 4224 monacho
846 4151 1014 4224 Teodoro
1037 4152 1189 4224 dicam?
1222 4151 1414 4226 Celestinae

187 4265 353 4364 prolecto
390 4265 608 4362 depravatos
645 4283 680 4338 et
718 4268 877 4364 perditos
912 4293 1027 4340 mores
1057 4279 1093 4341 et
1126 4291 1311 4340 sermones
1343 4269 1413 4341 sibi

220 4586 260 4650 (ι)
277 4586 340 4636 Haec
351 4589 580 4664 suntyssartolomei
593 4589 691 4642 verba:
713 4591 886 4648 <talamana¹
912 4591 944 4638 de
969 4607 1031 4640 cosa
1058 4591 1162 4657 fingitis,
1184 4609 1232 4656 que
1248 4599 1326 4657 tenga
1341 4593 1413 4644 color

183 4667 222 4720 de
240 4667 334 4720 verdad
348 4685 449 4734 aunque
463 4685 496 4718 no
508 4670 533 4720 la
548 4686 598 4727 sea,
615 4687 692 4720 cumo
707 4687 753 4720 son
767 4671 888 4732 Sarafina
908 4673 1014 4721 Inranca.
1034 4685 1047 4722 a

857 4752 1031 4815 (Propaladia‚
1045 4753 1251 4817 Preliminares).
