3416 5460
721 509 880 572 „33-

177 671 387 757 expugnata
397 671 451 732 est
470 691 482 722 x:
509 659 562 754 (ι)
585 656 717 730 Nonne
733 655 953 728 contendere
970 679 1160 753 possumus
1174 655 1256 731 haec
1268 655 1398 730 eodem

177 774 251 848 iere
270 787 429 871 temporo
450 801 522 871 ouo
542 789 739 846 extremum
772 773 980 844 Maurorum
1010 772 1221 868 praesidium
1250 787 1397 872 captum

177 905 231 964 est
251 889 347 963 dicta
365 893 499 964 tuisse?
534 891 590 962 Ab
614 889 846 962 adolescente
868 891 977 985 igitur
1003 887 1060 962 vix
1089 887 1225 962 scholis
1249 915 1396 988 egresso

178 1006 366 1079 Celertiuu
383 1010 582 1102 composita
604 1021 680 1092 est;
705 1031 771 1075 nec
793 1009 920 1075 mirum
950 1018 1003 1078 est
1023 1008 1052 1075 si
1074 1009 1219 1078 animus
1243 1004 1394 1103 juvenili

177 1121 335 1218 quodam
367 1123 496 1194 ardore
517 1121 643 1204 elutus¹
664 1123 692 1192 si
720 1145 822 1192 mens
851 1119 1022 1193 omnibus
1049 1119 1223 1193 doctrinis
1255 1119 1395 1196 imbuta

176 1239 321 1312 dicendi
351 1244 485 1335 impetu
505 1254 539 1309 et
567 1237 804 1334 intemperato
837 1240 1002 1311 scientiae
1027 1263 1094 1312 usu
1128 1240 1165 1310 in
1199 1263 1243 1310 ea
1276 1237 1394 1312 decla·

176 1371 310 1428 rantur.
347 1355 423 1428 Nec
444 1357 561 1450 magis
583 1357 708 1426 mirum
748 1369 802 1426 est
827 1357 856 1426 si
880 1353 1072 1426 Fernando
1090 1356 1133 1427 de
1161 1354 1287 1455 Rosos,
1311 1379 1393 1429 cum

176 1474 316 1544 timeret
334 1499 378 1544 ne
398 1470 568 1543 scribenti
587 1469 735 1542 licentia
754 1475 786 1542 ei
809 1472 952 1542 crimini
978 1483 1173 1543 vertererur
1207 1495 1393 1570 rnoraeque

174 1601 211 1659 et
231 1587 491 1683 impedimento
508 1568 617 1670 tieret,
639 1584 835 1658 nonsemel
851 1585 1063 1682 praedicavit
1083 1611 1121 1659 se
1140 1585 1392 1683 gravissimam

174 1703 378 1774 doctrinam
397 1703 488 1799 jocis
508 1705 582 1775 suis
601 1701 753 1774 velasse.

224 1818 462 1913 Quinetiam,
483 1816 658 1902 affirmare
675 1843 747 1890 non
764 1816 892 1889 dubito
917 1843 1015 1906 eum,
1035 1817 1122 1890 dum
1146 1821 1229 1892 vani
1250 1831 1285 1892 et
1306 1818 1391 1893 mali

173 1939 291 2030 operis
308 1933 551 2030 suspicionem
572 1931 677 2028 fugit,
699 1931 825 2004 eodem
847 1931 1003 2006 consilio
1021 1955 1127 2007 usum
1148 1959 1287 2008 esseae
1303 1935 1391 2008 Cer·

173 2059 298 2123 aarrtes
319 2049 378 2147 qui
401 2052 549 2122 nomine
571 2045 662 2124 Cz'de
686 2049 842 2122 Homete
865 2047 1069 2148 Benengeli
1096 2051 1277 2147 proprium
1303 2054 1392 2124 texit

173 2191 321 2238 nomen.
346 2165 429 2237 Non
449 2191 527 2237 esse
547 2177 664 2262 potest
684 2167 772 2261 quin
794 2163 889 2236 idern
921 2177 956 2238 et
980 2168 1134 2262 primurn
1168 2191 1235 2239 nec
1254 2179 1393 2240 ceteros

171 2302 276 2354 actus
286 2285 465 2378 scripserit
481 2316 486 2352 :
502 2307 610 2378 quam
631 2283 851 2353 sententiam
863 2281 999 2354 Blanco
1024 2279 1207 2376 Waz‘tetot
1228 2280 1391 2354 defendit

170 2411 208 2469 et
222 2400 346 2470 omnia
361 2395 449 2468 mihi
462 2395 675 2470 confirmare
689 2394 857 2468 videntur
871 2403 930 2490 (31.
951 2397 1094 2468 Etenim
1113 2399 1204 2469 mira
1215 2395 1391 2470 orationis

169 2511 373 2584 similitudo
393 2510 515 2584 lectori
532 2510 720 2609 apparebit
749 2509 808 2610 qui
837 2515 964 2584 ceteris
985 2515 1139 2608 primum
1160 2525 1282 2586 actum
1303 2537 1389 2585 con-

169 2627 304 2700 tulerit.
329 2629 367 2699 ln
390 2627 452 2698 illo
473 2627 564 2699 libro
596 2629 656 2724 qui
683 2657 701 2695 «
725 2625 907 2726 Origenes
929 2627 992 2700 del
1021 2627 1147 2701 Teotro
1178 2628 1349 2726 Espattol
1369 2655 1389 2698 ›>

169 2742 390 2830 inscribitur,
416 2741 589 2818 Morntriz
619 2769 700 2816 curn
721 2767 783 2816 eos
819 2741 909 2815 nihil
939 2745 1033 2816 inter
1060 2769 1098 2816 se
1119 2747 1298 2818 sermonis
1323 2768 1391 2818 usu

165 2857 312 2931 differre
328 2857 607 2946 animadvertat,
626 2861 834 2955 posterioris
854 2860 965 2956 partis
978 2877 1163 2932 auctorem
1185 2884 1260 2933 non
1275 2859 1389 2935 multo

164 2976 296 3071 prioris
310 2975 481 3070 scriptore
500 2963 707 3046 veteriorem
726 2973 835 3046 tuisse
850 2973 1011 3046 declarat
1027 3005 1033 3064 ;
1052 2973 1114 3046 sed
1129 2999 1197 3047 nec
1217 2975 1327 3075 Juan
1346 2977 1391 3050 de

164 3089 290 3176 Meno,
315 3115 381 3162 nec
413 3089 577 3190 Rorr’rr'go
595 3092 638 3161 n'e
659 3095 748 3162 Colo
771 3089 874 3186 liujus
895 3093 1007 3187 portis
1029 3089 1074 3162 de
1095 3115 1168 3188 qua
1192 3090 1390 3190 ambigitur
1485 3165 1486 3168 ,

165 3203 270 3277 nullo
304 3205 412 3277 modo
443 3221 609 3294 auctores
629 3205 780 3304 putandi
813 3219 908 3294 sunt,
947 3210 1082 3306 quippe
1114 3231 1264 3304 quorum
1299 3207 1389 3282 alter

164 3319 370 3394 doctrinam
414 3320 667 3419 jactantiorcm
702 3335 737 3394 ct
775 3322 928 3396 latinum
965 3347 1068 3396 usum
1104 3321 1260 3412 affectet,
1299 3323 1389 3397 alter

163 3449 289 3510 autern
325 3451 516 3511 venustate
550 3437 708 3535 quadam
746 3436 887 3535 liquida
906 3449 941 3510 et
961 3436 1060 3510 molli
1091 3437 1384 3531 commendetur;
1469 3431 1470 3436 ἵ

163 3579 254 3651 quae
274 3552 378 3626 dotes
400 3559 549 3626 minime
580 3569 614 3626 et
645 3553 877 3650 excogitandi
899 3567 934 3626 et
957 3551 1102 3626 dicendi
1131 3553 1240 3627 modo
1259 3580 1387 3630 conve·

164 3673 275 3742 niunt
290 3697 363 3768 quo
384 3668 573 3744 Celestz'no
594 3669 801 3742 illustratur.
823 3670 1004 3742 Praeterea
1025 3671 1079 3742 bis
1095 3673 1224 3768 viginti
1247 3684 1308 3744 aut
1327 3675 1386 3744 tri·

160 3787 272 3884 ginta
289 3790 396 3858 annis
416 3787 556 3883 quibus·
572 3785 607 3856 hi
631 3785 721 3858 tulso
747 3785 871 3858 crediti
900 3799 1064 3858 auctores
1088 3811 1109 3857 a
1135 3785 1326 3860 Fernando
1345 3789 1389 3862 de

161 3900 281 3996 Rojor
296 3917 506 3997 separantur
525 3900 697 4000 loquendi
717 3925 834 3996 genus
852 3901 947 3998 apud
975 3899 1206 3973 Cast'cilanos
1226 3901 1388 3999 pluribus

198 4185 262 4246 (ria
276 4181 330 4246 Que
343 4190 414 4232 tanto
437 4191 461 4232 te
488 4181 671 4232 mareviliarias
694 4182 715 4231 si
730 4181 844 4247 dijesen:
866 4181 979 4230 latierra
1004 4180 1144 4238 tenrblo,u
1170 4189 1224 4230 otro
1244 4183 1387 4250 semejante

159 4281 238 4324 cosa,
252 4280 299 4328 que
313 4281 345 4312 no
360 4264 385 4312 la
402 4264 531 4314 olvidases
553 4264 651 4330 luogo?
679 4264 723 4312 Asi
747 4279 843 4315 como:
868 4263 961 4311 beiado
980 4267 1035 4311 esta
1053 4263 1076 4311 el
1095 4261 1139 4324 rio,
1158 4260 1182 4312 el
1197 4262 1271 4330 ciego
1286 4281 1317 4314 ve
1343 4283 1386 4332 yn,

160 4353 268 4395 muerto
291 4359 319 4392 es
333 4350 358 4392 tu
372 4343 457 4411 padre¹
472 4359 505 4392 un
518 4359 580 4408 rayo
594 4359 668 4407 enyo,
686 4343 790 4410 ganuda
806 4359 833 4391 es
846 4341 968 4391 Granada
981 4358 1014 4392 ..a

196 4425 237 4486 (2)
250 4423 291 4472 Cf.
304 4439 318 4473 s
331 4422 489 4472 Variedades
504 4438 520 4471 o
535 4421 690 4488 Mensagero
705 4421 737 4470 de
756 4421 878 4482 Londres‚
896 4419 1029 4469 Periodico
1051 4420 1176 4470 trimestre
1201 4437 1245 4487 por
1265 4423 1289 4472 el
1307 4424 1387 4474 Reve-

157 4502 247 4555 rendo
264 4502 357 4568 Ioseph
372 4502 470 4552 Bianco
486 4501 605 4552 white».
620 4529 652 4562 -,-
663 4501 748 4551 Tomo
761 4501 779 4551 Ι.
793 4501 914 4561 Londres‚
927 4501 1091 4549 Ackermann
1109 4505 1176 4564 1824.
1266 4493 1269 4498 ¹

195 4587 234 4649 (3)
251 4581 327 4634 Haud
340 4579 427 4650 magni
439 4581 636 4632 existimandum
650 4581 769 4648 ponderis
780 4581 899 4632 existimo
911 4580 982 4652 illurn
994 4583 1086 4630 Alonso
1101 4583 1171 4630 Ulloo
1183 4581 1261 4648 quiin
1274 4583 1385 4634 editione

156 4662 286 4718 Venetiae
299 4676 366 4713 anno
380 4661 491 4712 MDLIII
504 4661 609 4728 vulgata
626 4661 751 4711 Fernandi
763 4663 795 4711 de
806 4663 883 4721 Rojcrs
896 4661 927 4710 de
941 4660 1057 4728 Johanne
1073 4662 1105 4710 de
1124 4663 1198 4724 Mona
1213 4671 1256 4716 aut
1271 4663 1384 4742 Rodrigo

153 4745 270 4801 deCota
283 4741 342 4794 ficta
355 4741 432 4793 dubia
446 4743 537 4794 referre
552 4741 613 4794 satis
627 4741 711 4794 habet.
1356 4749 1358 4756 “
