3388 5458
838 398 1015 459 —116—

320 563 469 662 ejusque
485 562 653 659 discipuli
670 561 859 644 adhibent„
879 563 943 632 etsi
963 556 1141 654 quasdam
1164 582 1230 628 nec
1251 582 1393 654 semper
1421 557 1544 631 lelices

320 680 509 777 praelerunt
529 682 760 764 mutationes
784 679 1094 772 originemtamen
1117 673 1254 744 ducunt
1270 672 1403 746 abillis
1417 673 1544 771 figuris

319 822 399 894 quae
419 800 457 868 in
479 793 668 870 Celertz‘nrr
687 807 891 878 versantur;
915 805 959 863 et.
998 805 1035 861 ut
1057 787 1229 885 quaedam
1253 787 1421 884 exempla
1440 815 1541 863 usur·

322 939 459 1009 pemuS,
486 937 608 983 nonne
643 909 785 986 Calz'sto
805 909 1001 977 maximam
1038 908 1091 975 sui
1129 913 1266 1000 partem
1298 903 1349 974 illi
1380 930 1543 1000 personae

319 1055 399 1126 quae
438 1029 619 1126 «golan»
656 1023 863 1123 perhibetur
893 1019 1090 1118 praebuisse
1125 1018 1273 1106 videtur,
1318 1046 1541 1120 quamquam

318 1146 460 1219 alienus
477 1149 523 1218 sit
537 1143 584 1216 ab
601 1142 663 1215 illo
685 1143 795 1213 nimis
814 1141 997 1234 exquisito
1016 1150 1050 1207 et
1080 1135 1300 1232 quibusdam
1321 1141 1426 1233 quasi
1445 1137 1541 1209 cala-

319 1267 452 1334 mistris
492 1264 612 1334 inusto
650 1281 815 1330 sermone
853 1279 926 1349 quo
963 1251 1077 1323 multo
1113 1250 1286 1324 libentius
1326 1281 1343 1318 ‹<
1368 1252 1485 1350 golan
1521 1282 1540 1322 >›

300 1372 378 1452 'itte
417 1381 537 1450 utitur.
567 1377 643 1449 Nec
665 1371 800 1444 infelici
834 1384 869 1440 et
898 1367 1124 1440 dulcissimae
1152 1365 1321 1438 Melibeae
1355 1381 1538 1462 praestant,

316 1497 484 1594 quamvis
517 1494 652 1564 eximio
695 1491 859 1558 eniteant
902 1483 1034 1578 lepore,
1080 1511 1097 1546 i<
1124 1483 1285 1552 damasi>
1318 1481 1392 1555 tllae
1425 1483 1542 1555 solitae

316 1611 412 1709 apud
452 1611 670 1681 recentiores
722 1617 847 1700 poetas
893 1626 911 1670 e
951 1597 1139 1670 reticulata
1190 1595 1346 1668 fenestra
1383 1601 1542 1669 amantis

316 1747 463 1800 cantum
486 1723 631 1797 auribus
648 1720 836 1792 exhaurire
857 1729 919 1788 aut
941 1727 1078 1785 mutata
1099 1732 1195 1784 veste
1220 1727 1254 1784 et
1274 1712 1375 1786 vultu
1396 1717 1433 1784 in
1459 1708 1540 1784 tris-

315 1849 433 1918 titiam
455 1843 658 1936 composito
675 1834 826 1908 infidum
847 1832 1012 1928 juvenem
1044 1828 1224 1900 insectari.
1244 1830 1338 1922 Quis
1359 1844 1479 1901 autem
1501 1832 1539 1899 in

315 1961 418 2032 horto
443 1959 599 2031 Pleberii
634 1954 677 2024 de
712 1975 832 2022 amore
866 1975 931 2020 suo
960 1962 1061 2018 tanta
1093 1969 1174 2016 cum
1203 1942 1398 2016 dulcedine
1427 1943 1539 2016 collo-

315 2096 466 2174 quentes
484 2075 637 2168 impares
665 2071 784 2140 dicere
818 2062 997 2136 dubitabit
1024 2059 1223 2132 notissimis
1242 2059 1461 2148 amantibus
1504 2075 1540 2131 et

317 2195 387 2265 illis
411 2197 520 2263 etiam
547 2220 565 2256 <t
591 2189 719 2260 Romeo
751 2193 783 2256 el
817 2181 948 2281 Jult‘et
973 2209 1006 2266 »,
1040 2177 1172 2274 quibus
1204 2179 1241 2247 in
1282 2175 1540 2272 posterioribus

313 2308 503 2382 comoediis
532 2301 700 2376 delectati
723 2297 877 2371 sumus?
911 2295 987 2366 Nec
1016 2296 1126 2380 satis;
1169 2290 1288 2362 dicam
1310 2295 1407 2362 enim
1429 2291 1539 2388 plane

312 2423 408 2522 quod
429 2426 560 2496 sentio.
595 2420 686 2492 Cum
716 2413 931 2490 Calderonis
963 2433 1122 2504 personae
1152 2411 1369 2504 exquisitius
1403 2412 1540 2480 sentire

312 2560 347 2616 et
368 2541 536 2614 subtilius
551 2537 655 2638 loqui
678 2531 881 2614 videantur,
912 2526 1044 2622 majore
1066 2550 1132 2596 nos
1149 2523 1314 2595 detinent
1334 2522 1471 2620 gaudio
1486 2523 1542 2596 illi

314 2659 494 2738 Fernandi
525 2655 636 2728 nostri
658 2648 911 2720 adolescentes
941 2647 978 2712 in
1009 2640 1140 2738 quibus
1167 2641 1320 2711 sincerae
1346 2651 1381 2710 et
1401 2638 1449 2710 ab
1462 2654 1542 2711 arte

312 2787 433 2858 lucata
452 2773 701 2848 rernotissimae
723 2761 905 2835 illecebrae
925 2761 1101 2830 eminent.

345 2895 476 2972 Nobis
496 2914 579 2964 vero
599 2887 644 2956 ad
666 2879 820 2955 lamulos
841 2871 1117 2970 respicientibus
1138 2869 1211 2941 tale
1228 2871 1428 2967 quidquam
1439 2895 1542 2966 repe-

311 3022 444 3091 rietur:
469 3029 598 3100 nempe
625 3001 690 3071 hos
711 2991 947 3067 recentiorum
973 2985 1234 3059 comoediarum
1265 2988 1448 3058 ministros
1466 2985 1541 3068 sibi

310 3158 374 3232 pro
388 3127 479 3202 virili
502 3133 602 3219 parte
620 3113 816 3188 Farnorzdo
832 3109 875 3177 de
894 3104 1009 3203 Rojas
1030 3102 1216 3174 vindicare
1239 3101 1382 3198 poterit.
1402 3102 1542 3175 Nonne

310 3262 393 3322 sunt
413 3259 449 3317 et
468 3241 534 3338 ipsi
569 3258 650 3307 cum
673 3222 926 3322 arrogantibus
960 3219 1077 3292 verbis
1108 3220 1244 3314 ignavi,
1267 3231 1304 3290 et
1324 3221 1361 3290 in
1388 3241 1540 3322 respon-

228 3343 231 3350 *
310 3363 432 3438 dendo
451 3358 602 3435 alacres,
628 3364 664 3420 et
683 3341 826 3418 edendo
860 3337 1035 3412 voraces?
1059 3333 1159 3427 Quin
1179 3335 1301 3422 etiam,
1326 3335 1388 3430 qui
1411 3363 1429 3400 «
1444 3359 1540 3432 gra.

308 3481 402 3555 cz'oso
417 3508 435 3548 »
469 3472 613 3557 dicitur,
639 3487 712 3562 quo
733 3460 852 3554 magis
872 3459 909 3526 in
931 3453 1009 3525 dies
1037 3449 1222 3550 popularis
1252 3447 1307 3536 fit,
1333 3474 1377 3521 eo
1402 3447 1539 3522 clarius

296 3602 346 3684 ‚in
379 3595 496 3667 lucem
516 3583 647 3684 prolert
677 3579 743 3650 bas
774 3573 864 3646 duas
883 3571 1083 3643 contrarias
1116 3591 1160 3637 ex
1193 3563 1326 3661 quibus
1356 3561 1541 3638 conflatur

307 3724 438 3812 partes,
472 3727 564 3803 quas
584 3697 768 3796 praecipue
792 3688 1022 3761 adamavisse
1051 3681 1238 3777 Hispanos
1257 3690 1414 3769 constat,
1437 3678 1538 3752 seili-

307 3844 365 3906 cet
386 3825 487 3898 illam
503 3814 712 3912 Sempronii
740 3821 776 3880 et
809 3803 1058 3877 *Parmenonis
1091 3799 1329 3870 rusticitatem
1362 3807 1398 3869 et
1430 3794 1537 3869 illum

307 3945 354 4018 ad
382 3936 552 4014 sublimia
578 3942 719 4005 tantum
756 3920 970 3996 tendentem
990 3915 1155 3991 ardorem
1180 3938 1253 4010 quo
1276 3910 1422 3986 Calisto
1440 3915 1537 4010 rapi·

305 4075 374 4134 tur.
407 4056 484 4129 Nec
514 4052 625 4136 satis;
665 4037 846 4116 interdum
876 4047 912 4108 et
949 4035 985 4106 F
985 4032 1143 4107 ornando
1179 4029 1223 4102 de
1254 4027 1370 4127 Rojas
1389 4027 1535 4103 deside·

306 4181 396 4249 rium
430 4173 484 4243 sui
519 4158 702 4258 relinquit.
735 4155 821 4230 Non
850 4154 948 4225 enim
981 4161 1056 4221 tarn
1096 4147 1344 4243 Hispanorum
1378 4147 1535 4241 ingenio

297 4298 557 4378 ¹consentanea
581 4299 691 4377 quam
711 4292 858 4345 omnem
885 4269 1072 4340 veritatem
1096 4258 1314 4335 excedentia
1347 4259 1534 4334 calderon

305 4419 390 4480 ante
424 4398 550 4475 oculos
570 4378 712 4467 nostros
737 4386 908 4459 obversat
940 4382 1002 4478 qui
1034 4403 1134 4476 saepe
1160 4379 1199 4449 in
1232 4373 1426 4456 comoediis
1451 4377 1533 4450 suis

304 4519 408 4622 quasi
428 4517 518 4591 duas
544 4525 580 4586 et
609 4513 701 4580 inter
723 4528 761 4575 se
789 4507 995 4598 pugnantes
1020 4493 1164 4569 fabulas
1183 4494 1407 4565 intermiscet
1436 4515 1530 4590 qua-

304 4663 381 4716 rum
402 4635 517 4710 altera
531 4634 698 4702 amantes
724 4617 893 4692 dominos
913 4612 1185 4686 delicatissimis
1202 4605 1395 4683 virtutibus
1411 4605 1531 4684 extol-
