3388 5458
592 438 594 444 ’
691 453 871 520 -109-

164 599 378 698 spectacula
395 628 413 668 «
429 610 534 672 autor
551 630 569 670 l>
592 612 718 696 postea
738 597 835 671 dicta
864 601 901 668 in
921 598 1077 692 septimo
1096 595 1238 668 decimo
1258 595 1391 668 saeculo

163 714 439 803 redundabunt,
458 715 545 813 quid
567 713 882 812 apudJohannem
903 713 946 784 de
968 710 1159 784 Tz‘monedu
1179 725 1239 784 aut
1259 711 1394 784 Alonro

163 836 214 906 de
230 833 265 904 la
291 833 386 932 Vaga
405 833 571 904 invenias
592 835 662 902 nisi
678 829 762 902 ficta
779 842 815 900 et
829 853 955 925 parurn
976 826 1165 900 credibilia
1185 829 1200 898 Ρ
1216 827 1391 899 Divinum

165 951 211 1020 in
231 977 249 1018 <r
270 945 430 1022 Aurelia
447 976 465 1015 »
487 945 628 1018 videbis
660 944 836 1018 annulum
858 943 958 1041 cujus
985 943 1065 1016 duae
1095 956 1223 1040 partes¹
1261 941 1393 1016 multas

164 1076 254 1160 post
286 1065 602 1150 commutationes
653 1065 691 1150 in
733 1085 843 1134 unam
875 1045 1055 1156 coguntur
1086 1073 1121 1130 et
1154 1058 1260 1132 simul
1290 1058 1394 1132 turris

164 1181 311 1251 ruinam
325 1176 472 1250 trahunt
493 1203 566 1274 qua
586 1177 749 1273 collapsa
768 1179 888 1274 regius
907 1174 1100 1248 thesaurus
1114 1185 1275 1270 apparet.
1301 1174 1395 1268 Quae

164 1307 226 1366 est
259 1291 438 1388 tragoedia
464 1293 639 1392 Serafina
672 1295 743 1364 nisi
773 1289 938 1364 labulosa
969 1289 1102 1386 puellae
1133 1287 1285 1395 historia
1315 1314 1395 1386 quae

166 1409 311 1482 nullum
333 1411 402 1481 nisi
438 1408 608 1482 Amorem
638 1407 755 1504 ipsum
779 1431 901 1478 amare
935 1408 972 1476 in
1011 1407 1135 1477 animo
1152 1402 1274 1492 habet,
1310 1429 1395 1502 quae

163 1550 255 1598 vero
274 1537 466 1622 postquam
486 1528 518 1596 ei
539 1521 602 1602 leri
623 1521 695 1596 duo
710 1523 880 1594 homines
900 1535 1050 1594 catenas
1068 1519 1268 1617 injecerunt
1285 1519 1394 1616 Cupi-

166 1640 268 1712 dinis
290 1643 427 1736 sagitta
453 1642 618 1736 tangitur
637 1663 704 1712 nec
725 1642 822 1734 prius
842 1664 862 1710 e
881 1636 1001 1710 subito
1017 1650 1051 1708 et
1072 1634 1239 1709 inaudito
1266 1661 1396 1709 somno

165 1756 364 1829 suscitatur
399 1765 510 1852 quam
540 1755 694 1828 dilectus
725 1755 868 1852 juvenis
897 1767 1048 1827 mortem
1080 1752 1148 1825 sibi
1179 1755 1396 1826 arcessivit?

168 1873 314 1945 Ducem
334 1884 476 1944 tantum
502 1871 539 1942 in
561 1869 794 1944 Comoedia«
816 1873 860 1944 de
881 1871 917 1941 lo
937 1871 1112 1968 Drcquesa
1132 1871 1174 1940 de
1201 1870 1237 1939 la
1259 1870 1355 1942 Rosa
1377 1899 1395 1937 ›>

166 1991 379 2061 invenimus
400 1991 463 2084 qui
483 2013 565 2060 vere
577 1989 736 2082 tragicas
752 1989 829 2083 agit
842 1999 961 2084 partes
975 1998 1012 2058 et
1026 1984 1251 2074 CalderoniS,
1268 1985 1395 2058 honori

163 2102 280 2176 feroci
294 2114 330 2175 et
342 2115 490 2175 cruento
507 2100 615 2176 modo
627 2101 870 2192 inserviend0,
888 2105 1100 2174 memoriam
1116 2113 1274 2174 revocat.
1295 2100 1396 2194 Quid

166 2243 257 2293 vero
276 2222 488 2292 canentium
520 2218 640 2292 choris
669 2221 788 2316 magis
812 2217 992 2292 absonum
1024 2221 1086 2315 qui
1121 2245 1141 2290 e
1174 2217 1339 2314 figuratis
1362 2223 1416 2292 et

167 2334 504 2430 incongruentibus
538 2333 700 2431 personis
732 2335 939 2406 constanti
973 2333 1072 2428 Quid
1102 2337 1191 2430 regii
1221 2336 1397 2431 principis

168 2447 389 2522 Dulcelirr'o
402 2449 510 2523 dictis
529 2469 565 2522 et
584 2449 690 2522 lactis
711 2448 832 2546 magis
847 2447 1051 2523 fabulosum
1072 2451 1087 2522 i

225 2565 318 2640 Haec
336 2578 461 2639 tamen
480 2581 515 2639 et
531 2565 605 2638 alia
626 2591 699 2638 non
717 2568 835 2640 minus
850 2565 1006 2640 absurda
1030 2565 1216 2662 publicum
1236 2563 1394 2639 lavorem

167 2679 244 2754 sibi
260 2680 459 2755 conciliant
478 2680 564 2755 dum
583 2681 655 2778 jam
676 2680 768 2778 Lope
785 2681 829 2754 de
855 2682 949 2781 Vega
965 2685 1003 2754 in
1022 2707 1066 2755 eo
1080 2693 1136 2755 est
1150 2695 1188 2756 ut
1212 2685 1316 2780 quasi
1336 2682 1396 2754 lax

167 2811 210 2871 et
238 2796 342 2872 stella
368 2809 553 2894 appareat.
577 2795 722 2890 Quibus
740 2799 840 2871 enim
873 2796 1092 2871 Valenciani
1113 2801 1173 2895 qui
1196 2797 1299 2894 primi
1328 2812 1398 2871 sta-

168 2912 284 2986 bilem
312 2911 494 2986 theatrum
525 2924 614 2992 tunc
633 2917 861 2986 constituunt
898 2913 1400 3011 spectaculisdelectantur?

169 3029 306 3100 Eorum
331 3040 456 3124 poetas
468 3027 628 3102 Artieda
645 3041 716 3105 aut·
737 3028 875 3104 Virues
894 3032 924 3102 si
945 3027 1087 3127 legeris
1102 3055 1199 3103 nunc
1218 3029 1398 3105 fabulosis

168 3147 393 3242 equestrium
420 3143 568 3218 heroum
589 3143 815 3218 facinoribus
847 3148 1010 3220 intereris
1039 3145 1051 3232 l
1058 3146 1104 3241 ι),
1122 3170 1219 3220 nunc
1231 3145 1322 3218 nihil
1351 3172 1396 3220 ex

172 3259 314 3332 ltalicis
333 3258 568 3356 scriptoribus
588 3273 775 3358 erogatum
803 3285 982 3356 agnosces
1006 3265 1076 3333 nisi
1098 3263 1195 3359 quod
1217 3262 1263 3335 ad
1285 3288 1399 3336 novos
1473 3335 1476 3342 ,

169 3385 213 3447 et
224 3399 377 3448 resanos
391 3400 508 3449 rerum
519 3386 556 3450 et
568 3400 802 3473 personarum
819 3392 937 3449 motus
949 3373 1175 3474 effingendos
1188 3377 1307 3451 valeat
1328 3381 1341 3474 (
1370 3377 1397 3474 ).

170 3489 259 3564 Tali
275 3517 420 3590 quoque
444 3491 566 3566 studio
587 3490 765 3566 Sevillani
785 3489 943 3589 flagrant
976 3491 1184 3590 talibusque
1204 3492 1399 3566 dementiis

171 3605 346 3694 delirant,
363 3611 437 3706 qui,
457 3611 487 3680 si
507 3607 710 3682 ‘comoedias
729 3607 776 3682 ad
796 3606 1031 3704 disciplinam
1058 3609 1255 3707 quamdam
1275 3635 1298 3682 a
1317 3611 1398 3684 Ma·

173 3723 261 3795 lara
272 3733 335 3797 aut
356 3723 527 3800 vaara
541 3723 838 3798 accommodatas
876 3751 951 3798 non
966 3728 1047 3822 sine
1066 3752 1178 3800 causa
1196 3730 1284 3800 satis
1304 3727 1400 3801 male
1432 3755 1434 3764 ’

173 3837 376 3935 excipiunt,
393 3837 587 3914 theatralia
602 3864 712 3936 opera
727 3843 765 3912 in
781 3839 916 3938 quibus
930 3840 1040 3940 Juan
1059 3844 1103 3914 de
1118 3843 1154 3914 la
1169 3845 1294 3916 Cueva
1304 3847 1402 3918 insa«

175 3953 255 4028 nire
262 3955 404 4032 videtur
418 3958 543 4034 nimiis
561 3971 598 4028 et
614 3959 804 4030 immeritis
815 3955 1007 4053 plausibus
1026 3959 1401 4055 consectantur.Quot

173 4071 277 4142 enirn
315 4074 353 4144 in
386 4073 439 4143 eis
468 4073 749 4146 incantamenta
771 4081 833 4144 aut
852 4084 1007 4169 spectra,
1028 4084 1118 4170 quot
1144 4073 1238 4158 virili
1268 4079 1402 4150 vestitu

176 4182 351 4259 mulieres
389 4185 536 4275 indutae,
592 4197 682 4285 quot
721 4185 888 4284 figuratae
930 4212 1093 4286 personae
1139 4203 1393 4290 congeruntur

216 4431 308 4528 (1)·Ci
329 4433 431 4481 Andrds
457 4434 511 4497 Ray
531 4391 699 4486 &Arctoam
724 4433 859 4484 ‹Amdis
874 4437 905 4484 dc
927 4437 1033 4489 Gauda»
1060 4445 1086 4488 et
1124 4441 1197 4494 «Lon
1219 4441 1350 4496 lumba
1373 4443 1407 4496 de

179 4513 379 4658 12:3¹2qu
402 4592 500 4656 Infeliu
518 4594 661 4644 Marulli»
683 4609 761 4660 quam
775 4595 809 4644 ad
832 4596 989 4648 comoediam
1017 4601 1226 4666 componendam
1253 4606 1404 4662 nonnihil·

179 4683 305 4746 poemate
320 4671 367 4724 illo
381 4671 602 4738 Orlandofun'm
615 4672 684 4728 dicto
700 4675 830 4726 Cristobal
841 4677 874 4726 de
888 4677 981 4731 Vim&
999 4685 1127 4750 matrim
1136 4690 1189 4741 ut.
