3416 5460
223 1253 256 1322 C
256 1247 450 1320 ittonam
474 1251 537 1347 qui
560 1247 684 1321 leviter
709 1263 744 1321 et
767 1253 901 1322 cursim
927 1248 1055 1345 legerit
1075 1247 1227 1321 fortasse
1247 1248 1336 1346 quid
1357 1253 1395 1322 in

170 1391 272 1439 eacx
291 1365 451 1462 antiquis
471 1363 633 1438 lontibus
654 1363 823 1438 haustum
845 1381 1017 1461 appareat
1030 1369 1231 1461 praesertim
1258 1365 1396 1438 videbit

170 1492 209 1553 et
233 1477 387 1552 notabit.
415 1480 551 1553 Multos
575 1485 673 1552 enirn
701 1505 845 1576 graecos
864 1493 901 1552 et
923 1479 1055 1555 latinos
1083 1483 1282 1575 scriptores·
1303 1482 1394 1552 Fer-

168 1599 289 1668 nanda
325 1598 376 1667 de»
401 1596 514 1694 Rojas
547 1595 680 1669 evolvit
706 1622 729 1670 a
762 1595 896 1694 quibus
915 1595 1082 1692 exempla
1110 1609 1145 1666 et
1180 1608 1395 1692 argumenta

170 1711 319 1786 infinita
334 1725 518 1784 mutuatus
533 1726 599 1785 est.
619 1711 717 1804 Quid
736 1713 897 1784 mirum?
920 1711 1044 1784 Vitam
1061 1736 1142 1782 curn
1165 1710 1395 1787 scholasticis

168 1827 271 1924 degit
288 1831 348 1925 qui
371 1840 448 1901 tum
469 1832 573 1926 quasi
593 1827 660 1902 soli
682 1832 720 1899 in
735 1825 835 1900 libris
850 1826 1088 1900 versabantur
1107 1841 1141 1900 et
1159 1825 1269 1923 longe
1291 1843 1394 1900 erant

166 1956 209 2016 ut
243 1969 265 2014 a
302 1947 416 2018 nimia
447 1943 649 2018 eruditione
678 1941 925 2016 abhorrerent.
950 1944 1083 2014 Nonne
1114 1967 1238 2018 eorum
1263 1942 1394 2016 studiis

166 2057 338 2156 indulget
360 2056 573 2157 Senrprom'o
601 2059 808 2158 philosophi
835 2058 983 2132 verbum
1013 2060 1105 2130 miro
1126 2057 1235 2130 modo
1256 2081 1389 2130 memo·
1448 2082 1454 2105 ³

166 2197 278 2247 rans:
307 2203 325 2242 <‹
344 2175 391 2247 Ut
408 2179 560 2250 materia
580 2179 718 2271 appetit
738 2174 903 2254 formam,
927 2178 980 2246 'sie
996 2173 1124 2248 mulier
1140 2174 1285 2245 virum?
1307 2203 1325 2242 »
1351 2173 1392 2246 Si

167 2293 324 2361 ministri
339 2293 448 2362 etiarn
471 2289 678 2364 Aristotelis
695 2289 792 2364 haud
805 2293 923 2386 ignari
939 2301 1035 2377 sunt,
1054 2289 1141 2386 quid
1164 2289 1210 2366 de
1233 2287 1392 2360 dominis

166 2404 316 2476 dicam?
351 2405 465 2502 Saepo
493 2410 712 2503 saepiusque,
754 2421 792 2479 ut
821 2409 964 2502 antiqui
994 2421 1123 2501 poetae.
1146 2422 1207 2480 aut
1242 2402 1393 2476 oratoris

165 2522 412 2614 patrocinium
451 2525 645 2620 requirant,
684 2522 809 2596 Ovidii
852 2538 916 2594 ant
957 2519 1101 2617 Apuleii
1145 2519 1390 2606 sententioliS,

166 2634 396 2734 Vergiliique
407 2651 469 2710 aut
483 2637 673 2710 Ciceronis
686 2637 775 2712 locis
791 2643 1074 2735 incongruenter
1082 2635 1273 2723 adhibitis,
1289 2634 1390 2708 flebi-

165 2747 218 2821 lia
232 2764 268 2822 et
283 2750 379 2826 lacta
391 2768 426 2826 et
441 2753 540 2828 dicta
552 2753 756 2828 deformant
767 2767 802 2830 et
816 2767 1063 2852 corrumpunt.
1083 2754 1139 2830 Ne
1158 2753 1283 2840 multa,
1303 2739 1390 2856 quae¹

164 2889 243 2938 non
263 2865 341 2942 sine
361 2867 506 2942 lastidio
526 2883 659 2959 essent,
689 2869 851 2958 referam,
876 2869 1032 2944 Pleberii
1053 2866 1220 2966 querelas
1235 2864 1389 2964 prolerre
1514 2896 1516 2900 ·

162 2985 257 3054 satis
271 2981 417 3056 habebo
437 3011 521 3083 quae
546 2998 650 3060 tanta
671 3011 739 3060 nos
759 2986 945 3064 afficerent
965 2982 1213 3062 misericordia
1228 2987 1258 3058 si
1280 2995 1333 3056 tot
1352 2995 1389 3056 et

162 3109 241 3168 tam
262 3104 495 3195 supervacuis
514 3101 691 3198 exemplis
716 3129 789 3176 non
805 3107 1040 3176 vitiarentur:
1076 3129 1093 3168 «
1114 3099 1220 3172 Pauli
1245 3097 1389 3172 AEmilii

163 3217 359 3306 constabat,
378 3216 560 3291 exclamat
583 3230 684 3315 pater
703 3218 767 3292 ille
789 3219 898 3292 unica
921 3217 999 3291 filia
1018 3216 1179 3304 orbatuS,
1206 3241 1279 3288 non
1301 3213 1389 3286 mihi
1454 3235 1455 3238 ’

163 3326 296 3401 solatio
310 3355 390 3403 esse
409 3344 539 3429 potest.
559 3333 600 3406 Si
621 3360 684 3408 sex
704 3333 834 3410 diebus
848 3335 1001 3408 duorum
1025 3331 1181 3406 filiorum
1203 3329 1387 3404 funeribus

166 3472 242 3520 non
275 3447 440 3524 turbatus
470 3467 539 3542 est,
574 3453 637 3526 sed
675 3457 713 3526 in
748 3453 944 3527 liberorum
988 3454 1173 3548 exsequiis
1215 3448 1390 3548 populum

167 3562 379 3639 Romanum
394 3565 472 3664 ipse
487 3568 669 3642 consolari
680 3573 810 3666 potuit,
832 3569 896 3642 alii
909 3581 1032 3642 tamen
1047 3573 1079 3640 ei
1096 3566 1167 3639 duo
1186 3565 1251 3640 filii
1272 3589 1391 3662 super·

164 3677 347 3769 vivebant,
373 3681 573 3780 adoptione
588 3683 674 3758 aliae
689 3689 811 3782 gentis
830 3683 1037 3782 participes.
1054 3681 1316 3778 Magnanimus
1328 3679 1390 3754 ille

166 3793 463 3892 Xenophon...»
495 3800 543 3874 At
562 3811 657 3872 certe
678 3826 753 3874 non
774 3798 1027 3898 indignaberis
1052 3797 1081 3870 si
1102 3813 1137 3870 te
1157 3823 1243 3872 cura
1263 3795 1390 3868 libera-

165 3933 250 3983 vero
280 3935 409 3985 omnes
438 3913 583 4011 legendi
613 3939 767 4012 quorum
796 3915 916 3991 luctus
944 3939 1028 3988 curn
1052 3939 1119 3988 suo
1145 3911 1388 3986 conterendos

164 4051 239 4098 non
259 4051 338 4099 esse
360 4028 530 4102 Pleberio
543 4029 735 4128 praedicat.
751 4031 998 4130 Magisetiam
1013 4028 1230 4104 offensionis
1250 4026 1389 4102 habent

164 4165 221 4214 res
240 4165 400 4240 paganae
425 4172 510 4244 quae
531 4145 742 4221 christianis
769 4173 866 4232 vana
897 4145 1113 4222 eruditionis
1140 4148 1390 4222 ostentatione

164 4259 373 4334 miscentur.
410 4261 591 4339 Calistine
626 4261 779 4338 formam
810 4262 997 4338 Celestina
1031 4261 1234 4336 describere
1253 4261 1390 4358 cupiti

164 4370 251 4448 Non
287 4377 321 4448 ei
354 4389 392 4452 ut
429 4376 531 4452 illam
564 4378 741 4478 exemplis
766 4378 949 4476 explanet,
991 4377 1128 4454 nobilis
1167 4375 1384 4466 Alexander,

165 4497 334 4566 strenuus
362 4493 510 4584 Hector,
544 4493 695 4593 pulcher
731 4493 922 4568 Narcissus
963 4493 1219 4592 jucundusque
1261 4504 1390 4566 cantor

167 4603 337 4702 Orpheus
356 4607 517 4686 sufficere
535 4623 699 4708 possunt,
733 4611 798 4684 sed
817 4621 985 4684 sanctum
1007 4603 1160 4709 'quoque
1190 4607 1388 4706 Georgium

166 4717 316 4822 ejusque
334 4747 469 4823 equum
485 4728 524 4807 in
543 4724 793 4806 testimonium
813 4749 943 4803 vocare
974 4750 1124 4810 necesse
1142 4737 1258 4826 putat.
1284 4723 1387 4822 Quid
