3416 5460
624 903 984 1054 mammo

212 959 397 1155 sap

228 1163 302 1210 (1ςῆ

239 1633 427 1735 Dialogus
447 1633 515 1706 ille
532 1631 599 1732 qui
630 1629 809 1706 sexdecim
824 1627 1004 1727 primum,
1039 1620 1185 1723 viginti
1216 1617 1346 1692 deiude
1375 1626 1411 1689 et

191 1795 261 1842 uno
278 1795 322 1842 ex
346 1768 487 1842 actibus
500 1767 680 1846 constitit.
712 1775 746 1839 et
772 1758 963 1836 meretrici
985 1757 1093 1858 cujus
1122 1754 1162 1828 in
1193 1753 1260 1827 illo
1275 1749 1409 1850 prima

191 1913 278 1978 sunt
294 1913 420 2002 partes
441 1904 665 1978 Cassum
689 1923 877 2001 cognomen
904 1893 1039 1985 debuit,
1061 1917 1123 1965 nec
1140 1884 1323 1990 tragoedia
1354 1891 1410 1957 est

189 2063 252 2110 nec
277 2036 458 2128 comoedia,
493 2036 532 2110 si
553 2036 699 2135 quidem
725 2037 777 2108 od
798 2030 1035 2130 antiquorum
1075 2027 1172 2126 leges
1205 2020 1319 2094 illum
1352 2042 1407 2091 re·

192 2198 304 2259 uocas,
340 2175 408 2246 sed
431 2185 519 2272 opus
557 2181 754 2245 esttamen
789 2164 1033 2242 dramaticum
1065 2170 1101 2235 et
1131 2185 1197 2260 quo
1228 2153 1342 2256 prius
1373 2161 1409 2225 et

191 2307 325 2407 majus,
342 2305 606 2382 recentioribus
625 2307 756 2380 saltem
783 2299 1016 2402 temporibus,
1034 2296 1180 2370 nullum
1205 2317 1274 2365 non
1289 2289 1407 2363 solum

192 2439 232 2514 in
261 2440 466 2540 Hispania,
499 2466 625 2513 uerum
659 2438 772 2513 etiam
807 2435 848 2509 in
881 2435 1032 2533 Europa
1065 2423 1234 2523 inueniri
1262 2419 1399 2522 possit.

188 2576 294 2649 Anno
324 2575 423 2649 enim
456 2577 535 2650 MC
537 2577 571 2650 C
572 2574 772 2650 CCXCIX
804 2570 845 2658 in
891 2560 1214 2669 uulgusemissus
1250 2565 1302 2630 tot
1326 2579 1407 2627 mou

186 2709 323 2804 floruit
354 2707 579 2783 editionibus
606 2717 688 2807 quot
723 2732 767 2780 ne
800 2699 1008 2778 immortali
1038 2696 1184 2797 quidem
1217 2688 1407 2766 Dulcinea

187 2843 332 2917 amanti
361 2843 605 2946 contigerunt,
642 2851 678 2914 et
711 2840 814 2914 intra
852 2845 994 2912 sentum
1027 2829 1205 2906 decimum
1234 2824 1405 2899 soeculum

187 2977 340 3052 circiter
370 2979 577 3053 tricies-
612 2979 708 3077 quod
725 2978 777 3050 ad
811 2969 1042 3071 Hispaniam
1077 2962 1277 3038 attinet-
1301 2955 1406 3059 typis

188 3114 383 3186 mundatus
396 3122 469 3202 est,·
484 3139 545 3186 nec
556 3109 681 3212 igitur
692 3107 832 3182 mirum
847 3105 886 3179 si
900 3104 1057 3178 multum
1068 3100 1120 3174 ad
1128 3094 1404 3197 informandum

188 3244 442 3344 Hispaniense
451 3248 635 3319 tlzealrum
648 3245 823 3318 uoluerit.
834 3242 931 3333 Quot
939 3236 1038 3311 euim
1038 3237 1152 3335 fuere
1162 3239 1326 3304 auctores
1339 3223 1407 3324 qui
1432 3215 1434 3219 ’

190 3378 432 3454 Caesium
460 3377 614 3453 imitari
636 3377 756 3452 conati
777 3385 876 3468 sunt,
907 3381 1105 3474 quantoque
1125 3391 1205 3441 cum
1231 3357 1407 3464 populari

187 3539 340 3587 assensu
359 3523 501 3612 enoepta
527 3523 582 3587 est
611 3512 707 3612 ipsa,
735 3520 776 3584 ut
787 3508 954 3609 primum
988 3505 1029 3578 in
1048 3525 1189 3578 scenam
1201 3493 1346 3600 prodiit
1370 3501 1405 3566 et

184 3646 350 3745 primum
382 3661 545 3746 persona
576 3647 762 3746 exemplar
793 3643 1011 3742 deditque,
1047 3645 1088 3712 ut
1120 3663 1165 3710 en
1191 3659 1251 3708 ore
1283 3629 1404 3728 imago

186 3778 349 3868 ducitur,
370 3779 425 3854 ita
445 3780 578 3854 multis
597 3781 760 3878 ejusdem
770 3775 925 3880 generis
931 3771 1102 3874 personis
1120 3764 1336 3871 effingendis
1349 3788 1399 3854 os,

187 3924 228 3988 ut
243 3913 298 3988 ita
313 3914 446 4007 dicam,
464 3917 595 3988 saltem
610 3913 775 3988 lzobitum
800 3921 835 3986 et
855 3935 971 3984 mores
987 3904 1147 4008 praebuit
1163 3907 1177 3976 l
1191 3903 1264 3977 Nec
1278 3896 1374 3971 sotis
1393 3929 1400 3986 3
1482 4000 1483 4008 ἵ

186 4059 291 4122 entra
320 4049 425 4147 fines
454 4047 552 4122 enim
581 4047 780 4148 Hispania
808 4072 875 4119 non
903 4042 1030 4116 minus
1057 4036 1181 4113 m'ruit
1204 4043 1336 4131 utque
1363 4029 1404 4101 in
1475 4034 1479 4082 ἶ

188 4209 387 4259 sermonem
406 4185 613 4286 Auglorum
632 4193 668 4257 et
684 4185 908 4256 Batauorum
927 4178 988 4250 uel
1000 4175 1040 4248 in
1057 4161 1214 4246 latinam
1235 4165 1403 4266 linguam
1480 4167 1491 4232 ,Γ

187 4320 310 4411 semel,
338 4328 395 4392 tor
415 4327 534 4392 antem
559 4315 705 4390 sivein
733 4316 911 4389 Italorum
930 4310 1010 4384 sive
1034 4307 1075 4380 in
1106 4304 1298 4382 Gallorum
1326 4321 1402 4369 ser-

189 4479 324 4528 monem
341 4461 484 4524 uersata
497 4450 563 4538 sit,
577 4460 611 4523 et
620 4451 710 4522 bane
721 4451 824 4548 apud
833 4456 1001 4520 externas
1009 4449 1139 4543 gentes
1150 4431 1404 4510 auctoritatem

188 4584 358 4662 babuerit
389 4612 466 4685 qua
493 4609 677 4684 nunquam
710 4583 786 4655 ulli
828 4580 920 4654 libro
948 4573 1120 4676 emtigit.
1161 4574 1242 4645 Cur
1278 4563 1405 4666 igitur

187 4731 332 4795 tontum
361 4717 461 4793 domi
486 4727 521 4792 et
555 4731 706 4818 peregre
723 4713 908 4817 floruerit
943 4705 1123 4811 quaerenti
1160 4703 1199 4777 in
1234 4707 1420 4799 promptu.
