3416 5460
757 577 855 643 ..²21
877 614 918 628 ..

217 746 311 823 dona
330 745 450 818 [sabel
457 745 499 817 de
511 746 550 819 Z
550 743 669 844 ufiz'ga
686 742 922 842 sz'mentel
936 744 1088 818 duxerat
1108 749 1244 842 quique
1264 769 1328 841 pro
1344 745 1437 820 virili

217 873 319 957 parte
339 861 376 933 in
396 861 653 960 oppugnandis
685 861 789 934 Bosa
823 871 859 931 et
892 861 1065 934 Grauadu
1092 875 1329 957 pugnaverat.
1354 863 1439 936 Dux

210 977 383 1068 'Albanus
403 991 438 1050 et
458 978 534 1075 ejus
547 1003 636 1050 uxor
656 991 692 1049 et
710 977 869 1074 juniores
889 989 992 1049 erant
1012 989 1047 1050 et
1068 976 1204 1049 divitiis
1224 976 1435 1071 affluentes;

217 1095 255 1164 in
276 1093 482 1190 magnificis
501 1093 645 1166 aedibus
664 1117 770 1189 supra
792 1117 961 1190 campum
992 1097 1054 1189 qui
1076 1092 1122 1165 ad
1142 1093 1258 1166 rivum
1295 1095 1438 1169 Tormes

214 1217 315 1306 patet
335 1209 595 1298 eminentibus
615 1222 650 1282 et
680 1212 904 1281 ornamentis
942 1208 1193 1306 pulcherrimis
1213 1209 1433 1301 decoratum,

216 1323 307 1400 nihil
334 1323 433 1396 aliud
461 1328 530 1396 nisi
561 1329 671 1397 uitam
705 1349 808 1398 suam
836 1324 1007 1398 omnibus
1042 1350 1126 1423 quae
1160 1324 1277 1422 lerunt
1307 1339 1438 1401 ceterae

215 1451 311 1512 artes
332 1439 388 1512 vel
408 1444 636 1536 potissimum
657 1445 821 1514 carmina
840 1440 1240 1538 voluptatibusexplere
1256 1441 1293 1514 in
1314 1447 1438 1515 animo

215 1555 414 1649 habebant.
458 1558 574 1630 festis
606 1557 735 1631 diebus
768 1558 877 1657 Juon
911 1559 974 1629 del
1001 1557 1148 1630 Encina
1180 1557 1301 1632 studio
1314 1585 1437 1632 eorum

216 1671 349 1769 quibus
372 1673 615 1747 famulabatur
634 1674 829 1747 consulens
848 1699 913 1746 sex
933 1673 1116 1771 Englogas
1135 1686 1170 1746 et
1189 1673 1262 1748 duo
1283 1674 1345 1748 illa
1364 1700 1438 1748 sce·

213 1790 514 1884 nicaspectacula
527 1815 611 1888 quae
624 1794 661 1862 in
675 1793 709 1864 C
708 1790 899 1863 ancz'onero
914 1815 1013 1862 anno
1028 1789 1435 1864 MCCCCLXXXXVI

215 1903 315 1977 edito
331 1910 564 1979 continentur
583 1906 750 1979 coniecit.
771 1907 844 1980 lllis
862 1911 890 1979 si
903 1906 1149 2003 spectaculum
1168 1933 1187 1974 «
1205 1908 1268 1978 del
1281 1907 1396 1980 Amor
1415 1937 1434 1976 »

213 2020 350 2094 dictum
384 2033 419 2093 et
450 2023 651 2119 Ecglogam
686 2022 796 2119 vulgo
830 2051 849 2091 t<
883 2026 926 2096 de
967 2023 1024 2095 las
1052 2025 1216 2122 grandes
1251 2021 1393 2095 lluvz'as
1415 2052 1434 2092 »

211 2137 434 2235 appellatam
473 2137 653 2236 adjungas
673 2165 757 2237 quae
779 2144 816 2210 in
836 2139 1023 2237 publicum
1055 2143 1122 2212 etsi
1154 2163 1254 2211 anno
1282 2137 1430 2212 MDVll

212 2257 336 2326 emissi
370 2253 513 2326 luerunt
541 2269 664 2327 tamen
692 2255 819 2329 litteris
846 2255 1020 2328 mandata
1051 2268 1136 2328 sunt
1161 2254 1313 2326 alterum
1334 2279 1434 2328 anno

211 2369 639 2444 MCCCCLXXXXVll
664 2384 857 2469 postquam
877 2376 1046 2469 princeps
1060 2374 1128 2444 don
1147 2372 1271 2472 Juan,
1289 2371 1435 2468 Regum

213 2495 486 2568 Catholicorum
508 2495 614 2584 filins,
646 2495 885 2594 Margaritam
914 2499 957 2570 de
975 2495 1137 2570 dustria
1153 2500 1192 2568 in
1207 2496 1434 2570 connubium

211 2610 372 2696 duxerat,
384 2610 497 2683 altera
509 2625 631 2684 autem
648 2637 747 2684 anno
758 2611 1217 2703 MCCCCLXXXXVlll;
1231 2616 1276 2700 si,
1287 2624 1326 2685 ut
1343 2611 1430 2703 dixi,

213 2725 295 2800 haec
316 2725 385 2798 illis
405 2725 596 2824 adjungas,
621 2754 864 2826 qaeucumque
884 2731 1066 2826 scripserit
1086 2728 1133 2800 ad
1154 2752 1303 2800 scenam
1323 2727 1431 2828 Juan

211 2843 275 2914 del
286 2841 434 2915 Encz'na
454 2855 489 2914 et
505 2846 543 2914 in
563 2843 695 2940 quibus
733 2858 818 2917 ante
849 2843 1076 2916 Celestinam
1099 2843 1282 2917 immorari
1307 2843 1435 2916 deceat

209 2963 250 3031 in
268 2971 435 3056 promptu
451 2957 600 3032 habeas
634 2959 887 3033 lmmutabitur
915 2964 1014 3032 enim
1043 2972 1170 3056 postea
1186 2957 1284 3033 illius
1306 2971 1429 3057 poetae

209 3077 413 3170 ingenium,
437 3101 500 3148 seu
520 3075 689 3172 operibus
708 3075 890 3149 Fernandi
923 3077 966 3148 de
993 3075 1109 3170 Rojas
1139 3079 1285 3173 penitus
1313 3076 1429 3166 lectis,
1527 3153 1531 3161 ,

208 3215 274 3262 seu
290 3189 378 3288 quid
400 3190 563 3264 novi‘ex
597 3191 703 3264 ltalia
736 3217 817 3264 cum
852 3191 983 3264 rediret
1016 3189 1188 3264 attulerit.

258 3305 468 3379 Secundam
484 3311 569 3380 vitae
583 3307 763 3405 Johannis
774 3309 838 3379 del
847 3309 884 3380 E
886 3307 995 3380 ncz'na
1009 3319 1147 3405 partem
1161 3332 1260 3380 nunc
1280 3307 1431 3405 attingi-

210 3447 303 3494 mus.
315 3421 412 3514 Quia
430 3423 587 3495 Romam
605 3425 775 3520 Hispani,
793 3435 970 3520 regnante
983 3422 1266 3512 Alexandron,
1283 3427 1433 3497 comiter

208 3538 494 3635 excipiebantur,
515 3539 570 3611 vel
588 3539 684 3637 quod
706 3543 845 3612 musica
861 3544 918 3612 cui
940 3563 1085 3636 operam
1100 3539 1172 3636 jam
1194 3551 1303 3612 antea
1324 3539 1431 3612 dede·

210 3666 266 3726 rat
277 3657 422 3750 peritior
441 3654 515 3727 fieri
536 3655 718 3752 cupiebat,
733 3653 858 3728 urbem
881 3655 998 3728 ltaliae
1019 3657 1185 3751 primam,
1198 3653 1431 3728 ubiBartolo-

211 3795 332 3842 meum
347 3771 476 3844 Turres
492 3771 657 3845 Naharro
674 3785 844 3844 nacturus
864 3783 950 3859 erat,
976 3774 1072 3842 circa
1100 3795 1237 3843 annum
1253 3770 1329 3842 MD
1351 3795 1431 3868 pro-

208 3885 395 3959 ficiscitur.
422 3889 492 3960 Hic
512 3888 597 3961 dum
637 3893 674 3960 in
704 3887 843 3961 musica
875 3899 910 3959 et
937 3886 1065 3960 litteris
1094 3885 1318 3974 excolendis
1354 3899 1431 3959 tum

209 4029 358 4100 quoque
384 4003 490 4076 rebus
509 4003 619 4077 sacris
642 4003 785 4076 deditus
805 4017 947 4099 tempus
974 4027 1080 4075 suum
1102 4001 1263 4091 adhibet,
1301 4027 1432 4099 nempe

209 4118 402 4215 diligentia
432 4125 468 4192 in
500 4121 579 4192 dies
612 4133 719 4192 aucta
739 4146 823 4218 quae
844 4124 1078 4193 sanctissima
1104 4119 1201 4192 videt
1225 4121 1432 4191 accuratius

206 4239 382 4334 sequitur,
403 4249 437 4308 et
455 4235 527 4333 jam
540 4249 710 4332 vergente
732 4241 769 4308 in
790 4241 932 4310 senium
948 4249 1058 4310 aetate
1074 4235 1278 4330 voluptates
1298 4233 1431 4332 quibus

208 4351 427 4424 adolescens
442 4351 640 4424 indulserat
653 4358 877 4426 aversansin
891 4353 1108 4450 religionem
1129 4353 1234 4450 quasi
1256 4353 1293 4421 in
1310 4375 1431 4424 arcem
1490 4387 1494 4394 ·

207 4483 326 4544 tutam
347 4468 509 4566 confugit
531 4476 540 4561 l
568 4473 594 4565 ).

241 4704 277 4763 (r)
293 4700 332 4752 Cl.
349 4701 376 4748 ln
389 4699 513 4767 Johannis
527 4700 605 4750 nostri
627 4701 807 4750 «Cancionero
823 4716 838 4750 a
856 4717 943 4750 versus
958 4701 1002 4766 qui
1017 4716 1031 4751 c
1050 4717 1082 4748 en
1097 4700 1204 4749 nombre
1223 4699 1255 4747 de
1275 4714 1309 4746 un
1323 4697 1432 4763 galana

208 4799 239 4833 su
255 4783 349 4847 amiga,
367 4797 413 4846 por
422 4782 496 4846 quien
510 4781 603 4829 mucho
615 4779 689 4828 habia
704 4779 819 4845 perdido,
834 4781 954 4829 andando
968 4797 1014 4846 por
1026 4779 1188 4830 ellahuidoe
1206 4779 1355 4829 desterrado
1368 4796 1390 4840 u,
1406 4788 1432 4830 et

211 4885 221 4907 ι
239 4866 320 4911 aune
334 4867 426 4914 sehora
435 4863 467 4910 de
477 4861 554 4926 quien
566 4877 594 4910 se
606 4876 737 4923 enamoro,
753 4860 861 4910 astando
879 4876 939 4925 muy
960 4861 1083 4928 apartado
1102 4860 1135 4909 de
1145 4873 1245 4909 amores
1259 4861 1273 4907 ἐ
1288 4857 1384 4910 metido
1398 4875 1432 4908 en

209 4943 340 4994 devocion
354 4960 369 4994 s
382 4943 560 4996 inscribuntur.
