3388 5458
693 547 698 560 ,
770 464 930 536 -ose

230 611 418 690 custodem
448 615 487 685 in
516 637 666 700 scenam
685 613 838 689 inducit.
858 614 975 688 Lucas
988 616 1089 688 enim
1109 614 1147 688 F
1146 612 1343 706 ernaudes,
1365 602 1451 688 dum

229 753 310 802 earn
343 734 540 827 componit,
578 729 763 828 Ecglogas
790 743 876 806 ante
905 729 1032 805 oculos
1065 729 1226 804 habebat
1250 755 1330 828 quse
1349 756 1372 804 a
1390 732 1450 830 Jo-

229 843 352 918 hanne
379 845 442 918 del
469 845 617 920 Encina
637 844 684 920 ad
705 844 904 921 Celestinoe
937 845 1096 944 speciem
1122 844 1303 920 imitando
1328 845 1450 920 relatae

229 973 329 1035 sunt.
351 961 473 1036 Testis
491 974 546 1036 est
564 963 703 1036 Prabos
722 966 785 1061 qui
805 961 853 1035 ad
878 963 1023 1036 Amoris
1042 965 1243 1060 potentiam
1269 961 1449 1038 illustran-

228 1077 313 1152 dam
336 1077 452 1152 Fileni
470 1078 695 1177 Cristinique
715 1078 878 1175 exempla
901 1091 1078 1155 memorat
1101 1104 1254 1178 quorum
1274 1077 1335 1152 ille
1354 1103 1448 1151 mor-

227 1205 313 1281 tem,
345 1192 406 1267 hic
435 1219 519 1269 vero
556 1194 792 1270 solitudinem
830 1195 1007 1292 quaesivit.
1032 1194 1095 1270 Nil
1125 1194 1235 1292 igitur
1263 1199 1392 1269 mirum
1418 1198 1448 1268 si

225 1308 393 1406 juvenem
426 1315 615 1408 praesentis
629 1335 771 1408 semper
798 1310 927 1409 puellae
942 1309 1114 1409 cupidine
1139 1310 1355 1407 flagrantem
1374 1322 1449 1384 tarn

226 1423 356 1500 vividis
384 1425 495 1500 Miles
513 1426 679 1524 depingit
704 1426 1056 1501 coloribus.·N0nne
1086 1425 1280 1500 Celestinae
1300 1424 1450 1498 edoctus

225 1553 280 1616 est
305 1541 529 1640 disciplina?
559 1573 577 1614 ‹<
592 1542 855 1618 Centurionis»
890 1569 1037 1642 quoque
1066 1541 1286 1640 ejactantia
1304 1553 1448 1616 tanturn

225 1656 329 1730 abest
354 1669 394 1732 ut
409 1657 601 1733 abhorreat
630 1672 669 1733 ut
706 1657 856 1732 rudibus
881 1659 944 1733 sed
964 1662 1066 1734 sanis
1098 1669 1284 1755 pastorum
1304 1656 1450 1755 judiciis

173 1847 179 1860 ,
224 1773 483 1871 gloriationem
504 1801 606 1850 suam
619 1787 656 1850 et
670 1773 986 1874 vaniloquentiam
1002 1799 1184 1873 opponere
1202 1773 1331 1849 soleat.
1350 1772 1448 1869 Quid

212 1890 377 1968 ¹lacetius
396 1919 507 1992 quam
527 1894 697 1992 dialogus
716 1898 755 1966 in
776 1920 849 1993 quo
864 1893 1029 1968 Pascual
1040 1917 1091 1986 se,
1115 1891 1227 1968 lorica
1241 1895 1333 1980 visa,
1355 1889 1447 1964 nihil

229 2011 354 2083 animo
376 2009 445 2084 nisi
476 2014 685 2110 rapinarum
722 2023 759 2085 et
791 2009 1093 2084 contumeliarum
1113 2013 1281 2082 timorem
1301 2006 1448 2082 volvere

226 2122 371 2215 latetur,
405 2125 515 2200 Miles
535 2139 656 2200 autem
671 2129 820 2202 saevitiis
839 2152 919 2226 quae
939 2125 1044 2199 vitari
1063 2150 1170 2222 posse
1190 2150 1265 2198 non
1283 2122 1450 2200 videntur
1493 2193 1500 2200 .

227 2245 432 2338 patrocinia
450 2245 589 2342 quaerit,
613 2255 649 2316 et
685 2241 862 2340 gladium,
895 2245 1001 2340 quasi
1035 2246 1279 2316 necessarium
1302 2239 1449 2338 justitiae

225 2370 544 2456 propugnatorem,
581 2361 751 2432 maximis
780 2357 882 2435 effert
920 2356 1114 2432 laudibus?
1143 2356 1228 2430 Non
1261 2356 1334 2454 jam
1372 2353 1449 2428 haec
1539 2411 1541 2418 .

229 2499 250 2540 <t
265 2484 430 2548 saturae»
450 2486 593 2548 tantum
608 2477 752 2572 propria
771 2485 871 2562 sunt,
891 2472 956 2547 sed
975 2485 1012 2548 et
1030 2498 1122 2546 verae
1136 2471 1324 2546 comediae.

270 2590 416 2664 Farsas
434 2616 581 2690 quoque
597 2594 835 2664 nominantur
858 2589 1031 2690 Ecglogae
1060 2589 1146 2664 duae
1165 2613 1258 2687 quas
1277 2588 1323 2662 de
1344 2587 1447 2662 Nati-

221 2710 334 2781 vitate
348 2707 464 2781 Lucas
492 2706 712 2780 Fernandez
733 2710 953 2804 composuit,
992 2698 1070 2798 sed,
1093 2708 1260 2805 quamvis
1294 2706 1446 2776 sanctis·

222 2827 316 2896 sima
348 2821 385 2896 in
406 2826 560 2897 materia
577 2833 777 2910 versentur,
794 2823 905 2920 longe
926 2835 1050 2896 tamen
1070 2821 1204 2896 absunt
1222 2832 1261 2893 ut
1276 2819 1324 2894 ab
1344 2821 1444 2892 omni

223 2937 421 3013 Celestinoe
464 2942 672 3013 imitatione
698 2963 737 3013 se
768 2937 978 3037 expediant.
1009 2937 1172 3030 Quarum
1202 2939 1301 3010 enim
1316 2937 1445 3032 prioris

221 3077 385 3150 personae
416 3056 589 3146 Pascual,
613 3054 808 3143 Lloreinte,
832 3054 941 3156 Juan
960 3054 1148 3152 Pedroque
1162 3051 1300 3126 Pz'cado
1314 3049 1443 3150 impro·

221 3167 383 3244 bissimis
411 3169 568 3261 facetiis,
607 3174 701 3244 sicut
730 3168 944 3270 Sempronio
961 3181 997 3244 et
1015 3171 1208 3260 Parmeno,
1238 3167 1443 3242 divinarum
1512 3226 1513 3229 η

220 3309 336 3360 rerum
363 3286 568 3362 doctrinam
595 3286 794 3360 immodica
814 3286 942 3384 lingua
979 3289 1132 3360 miscere
1164 3283 1296 3362 solent.
1320 3284 1442 3359 Celes·

220 3398 309 3473 tinae
352 3406 565 3479 memoriam
604 3402 718 3477 multo
763 3405 882 3500 magis
926 3401 1069 3475 tenebis
1102 3403 1132 3474 si
1161 3402 1369 3499 posterioris
1398 3397 1443 3472 de

221 3514 420 3591 Nativitate
455 3547 474 3588 «
487 3531 615 3592 saturae
632 3549 652 3590 ›>
686 3522 840 3617 primam
873 3529 1011 3616 partem
1048 3515 1238 3592 evolveris.
1261 3515 1338 3590 Nec
1367 3513 1443 3613 plu·

220 3629 347 3706 rimam
367 3646 550 3708 ostentare
569 3634 812 3709 eruditionem
843 3659 911 3708 nec
930 3659 1056 3732 parum
1089 3631 1296 3708 verecunda
1314 3657 1385 3730 prae
1403 3656 1442 3704 se

219 3746 307 3822 lerre
333 3748 444 3824 verba
476 3750 593 3824 Lucas
616 3751 836 3825 Fernandes
873 3748 1017 3824 dubitat
1053 3749 1140 3824 dum
1179 3749 1206 3822 F
1209 3747 1362 3824 ernandi
1399 3750 1443 3823 de

219 3863 333 3964 Rojas
361 3869 520 3964 vestigia
550 3871 790 3966 prosequitur.
810 3865 910 3960 Quid
935 3891 1102 3940 sermone
1122 3864 1293 3939 licentius
1312 3867 1351 3936 in
1367 3889 1441 3963 quo

220 3980 400 4055 Bonilacii
425 3987 545 4058 aviam
572 3982 644 4059 Gil
661 3987 712 4056 ita
731 3983 898 4080 depingit
917 3993 957 4056 ut
975 4006 1056 4056 eam
1077 3980 1266 4056 Celestina
1284 3978 1440 4078 pejorem

220 4099 348 4196 (epeor
372 4123 440 4196 que
468 4099 706 4198 Celestina»)
732 4099 844 4174 luisse
876 4097 1097 4172 confirmet?
1123 4099 1177 4172 Ex
1197 4123 1271 4196 quo
1291 4109 1443 4196 apparet

218 4211 328 4312 longe
356 4212 430 4311 jam
462 4215 798 4314 Tragicomoediam
830 4217 874 4288 de
907 4213 1053 4290 calisto
1084 4241 1115 4314 y
1151 4213 1309 4288 Melv'bea
1336 4213 1441 4286 dissi-

216 4341 341 4428 patam
366 4355 446 4405 esse
473 4357 555 4406 curn
589 4336 627 4405 in
655 4331 829 4430 Ecglogis
861 4333 973 4404 etiam
1007 4331 1053 4404 de
1080 4329 1282 4405 Nativitate
1319 4329 1440 4404 locum

215 4455 341 4520 teneat
371 4461 408 4520 et
435 4451 474 4521 in
507 4447 641 4523 tabulis
673 4475 753 4548 quae
779 4450 935 4545 primum
966 4444 1014 4518 ad
1047 4444 1260 4522 clericorum
1291 4461 1446 4518 scenam¹

217 4561 531 4662 componebantur
555 4590 670 4640 novas
697 4577 733 4640 et
751 4567 905 4652 omnino
924 4560 1095 4660 profanas
1122 4566 1274 4638 virtutes
1297 4573 1333 4634 et
1351 4559 1439 4636 vitia

217 4676 372 4776 injiciat.
