3388 5458
662 481 703 496 -
728 461 846 528 105-

147 605 330 682 Gallorum
359 611 510 706 ingenio
529 606 680 680 minime
718 606 948 682 abhorrebat.
970 606 1171 681 Francisco
1199 633 1284 683 vero
1318 607 1363 683 de

152 721 355 812 Villalodos‘,
384 726 535 797 Fernan
555 726 675 798 Perea
694 728 738 797 de
759 723 873 798 Oliva
901 723 1083 821 ceterique
1116 723 1205 796 nihil
1234 751 1363 823 propo-

146 841 250 910 situm
289 838 425 912 habent
463 839 532 912 nisi
570 840 870 914 scholasticorum
910 839 1019 912 modo
1063 839 1211 912 verbum
1252 840 1363 914 verbo

144 954 288 1028 reddere
318 968 380 1027 aut
410 958 448 1026 in
474 959 603 1051 graecis
622 970 658 1028 et
687 955 810 1028 latinis
847 955 1079 1052 exemplariis
1103 953 1363 1029 transferendis

145 1069 331 1144 affectatas
344 1095 525 1144 arcessere
544 1071 814 1145 similitudines.
834 1071 945 1144 Nullo
973 1075 1083 1168 igitur
1108 1070 1218 1144 modo
1240 1072 1362 1146 value-

145 1197 222 1257 runt
233 1181 279 1258 ad
290 1185 502 1282 fingendam
519 1199 554 1260 et
569 1187 848 1279 aeerescendam
863 1187 1108 1284 Hispanorum
1125 1186 1359 1260 comoediam.

187 1300 327 1397 Magno
342 1315 469 1376 contra
486 1302 594 1375 modo
610 1303 722 1376 valuit
738 1302 902 1376 fictarum
917 1317 952 1374 et
968 1327 1094 1399 parum
1111 1302 1361 1376 verisimilium

143 1413 341 1490 tabularum
361 1417 520 1490 studium
537 1423 595 1493 eui
617 1445 839 1517 quamquam
856 1420 892 1491 F
892 1421 1051 1492 ornando
1069 1421 1112 1492 de
1127 1417 1241 1518 Rojas
1261 1445 1361 1516 repu-

112 1531 266 1626 -gnavit
299 1533 455 1630 Hispani
485 1549 609 1608 tamen
643 1539 760 1632 magis
794 1533 984 1632 magisque
1011 1533 1252 1607 indulserunt.
1285 1534 1362 1607 Nec

143 1644 249 1719 ullum
274 1647 458 1722 meliorem
480 1650 665 1724 inveniam
699 1662 827 1724 testem
855 1676 964 1746 quarn
986 1649 1226 1724 bractearium
1261 1649 1362 1723 illum

144 1764 201 1858 qui
234 1787 255 1834 a
290 1766 491 1838 Ceruantes
515 1765 623 1838 haud
657 1769 836 1838 immerito
866 1793 884 1833 «
902 1790 1057 1864 magnus
1075 1796 1094 1836 ›>
1112 1767 1231 1840 dictus
1247 1777 1305 1858 ¹est
1324 1777 1363 1838 ut

144 1880 201 1974 qui
222 1877 447 1976 hispaniensi
464 1880 605 1955 theatro
638 1880 795 1955 lavorem
816 1881 862 1954 ad
887 1880 1016 1977 vulgus
1035 1885 1171 1979 primus
1190 1881 1363 1956 concilia·

143 1997 239 2068 verit.
258 1995 494 2070 Manifestum
506 2010 571 2076 ¹est
590 1999 682 2096 Lope
700 1997 802 2071 illum
828 1999 872 2069 de
898 1999 1026 2070 Rueda
1061 2027 1079 2066 «
1097 2001 1130 2071 C
1130 1997 1325 2070 elestz'nam
1343 2028 1361 2067 »

142 2108 332 2211 perlegisse
365 2113 466 2211 cujus
499 2113 710 2213 plerumque
743 2113 883 2188 vividos
920 2114 1059 2188 colores
1092 2125 1127 2185 et
1160 2112 1362 2187 dilucidum

142 2231 475 2328 sententiosumque
495 2230 641 2303 dicendi
660 2256 777 2327 genus
791 2229 918 2304 referre
936 2231 1085 2304 videtur.
1112 2235 1162 2325 (ι)
1177 2229 1235 2302 Ab
1262 2228 1363 2302 ltalis

141 2367 282 2439 quoque
315 2345 535 2436 auctoribus,
572 2347 794 2420 Bartolomei
829 2346 950 2434 modo,
981 2347 1139 2420 sednon
1159 2345 1206 2416 ab
1232 2345 1361 2417 iisdem

139 2457 226 2554 Lope
245 2471 368 2531 noster
384 2461 552 2534 nonnihil
574 2475 757 2535 mutuatus
776 2475 842 2534 est.
876 2461 1064 2558 Neglectis
1096 2463 1194 2534 enim
1230 2463 1356 2557 poetis,

141 2575 347 2668 scriptorum
368 2580 523 2674 vestigia
538 2592 682 2651 secutus
697 2589 751 2650 est
765 2581 840 2676 qui,
876 2582 970 2650 sicut
988 2578 1177 2664 Bandello,
1216 2575 1362 2649 fabulas

140 2686 284 2762 subtiles
322 2702 357 2762 et
390 2717 464 2765 non
496 2693 748 2766 adramaticis
779 2693 1014 2768 abhorrentes
1047 2692 1166 2766 soluta
1198 2695 1362 2765 oratione

143 2819 382 2878 narraverunt.
403 2806 494 2899 Quae
509 2834 591 2881 cum
612 2807 752 2881 diversa
780 2823 815 2882 et
834 2808 1035 2908 aliquando
1068 2808 1209 2881 absona
1243 2810 1361 2878 imita·

141 2915 234 2992 tione
265 2919 452 2994 referenda
487 2923 555 2996 sibi
586 2927 824 3020 proposuerit,
866 2923 955 3022 quid
990 2923 1135 2996 demum
1169 2921 1291 2996 effecit
1325 2933 1360 2993 et

142 3030 432 3130 hispaniensibus
451 3039 566 3137 poetis
588 3039 737 3112 tradidit
758 3043 821 3137 qui
837 3039 884 3113 ad
912 3039 1107 3120 theatralia
1122 3063 1232 3136 opera
1263 3063 1360 3134 eom-

141 3151 304 3244 ponenda
320 3153 367 3226 ab
382 3181 426 3227 eo
446 3154 594 3252 proiecti
609 3169 693 3228 sunt
709 3157 725 3228 P

185 3267 271 3340 Tres
287 3283 406 3364 partes
434 3285 470 3344 et
503 3275 596 3344 inter
616 3297 654 3344 se
674 3271 936 3344 dissimillimas
957 3275 995 3343 in
1025 3271 1188 3345 editione
1222 3282 1361 3368 oportet

141 3377 338 3480 distinguas
351 3412 430 3482 quae
451 3387 498 3460 ab
519 3387 595 3484 ejus
615 3392 734 3460 amico
758 3401 794 3460 et
816 3386 996 3485 discipulo
1022 3387 1193 3486 Joh'anne
1225 3389 1268 3459 de
1300 3388 1332 3459 T
1330 3386 1359 3458 i-

141 3500 277 3574 moneda
296 3526 396 3574 anno
419 3503 652 3576 MDLXXVl
683 3506 720 3575 in
749 3502 879 3599 vulgus
904 3502 1044 3600 prolata
1065 3517 1130 3576 est.
1155 3502 1359 3577 Duodecim
1465 3562 1467 3568 s

141 3615 286 3706 primum
307 3615 460 3690 fabellas
475 3647 492 3686 «
503 3632 611 3716 pasos
628 3649 646 3688 »
664 3619 781 3692 dictas
795 3623 832 3690 in
849 3645 893 3691 ea
909 3618 1073 3692 invenies
1085 3647 1164 3718 quae
1178 3619 1359 3692 Fernandi

143 3733 245 3801 nostri
278 3745 389 3804 artem
428 3737 466 3804 in
501 3733 753 3808 humilioribus
787 3738 952 3832 personis
986 3733 1230 3834 depingendis
1268 3737 1360 3806 mira

141 3840 304 3920 felicitate
320 3860 355 3920 et
386 3852 546 3922 novitate
577 3861 763 3946 usurpant.
806 3852 891 3924 Non
921 3854 1020 3923 enim
1051 3865 1192 3923 tantum
1226 3851 1362 3923 Centu·
1445 3917 1449 3924 .

142 3961 245 4034 rionis
264 3968 476 4037 memoriam
495 3965 686 4064 Siguenaa
707 3981 853 4039 revocat
868 3982 1044 4064 quantum
1065 3971 1209 4064 propria
1224 3968 1360 4038 eminet

141 4075 406 4175 vaniloquentia
421 4095 456 4152 et
477 4080 637 4177 ignavia.
662 4085 714 4178 (a)
734 4083 862 4179 Neque
883 4081 1097 4181 Sempronio
1112 4108 1231 4182 neque
1260 4085 1357 4156 Par·

170 4299 201 4360 tr)
214 4299 287 4363 Quid,
301 4301 370 4349 verbi
383 4301 473 4367 gratia,
488 4303 619 4365 Siguma
640 4303 750 4353 famulus
771 4303 931 4353 Sebastianae
947 4303 1072 4353 meretrici
1095 4304 1191 4369 turpius
1211 4303 1358 4370 exprobrari

142 4393 209 4438 posse
225 4381 345 4444 praedicat
363 4382 410 4430 nisi
427 4391 533 4432 matrem
551 4383 634 4448 ipsam
657 4401 714 4449 quae
729 4385 809 4433 altera
824 4385 868 4434 luit
884 4385 1022 4446 Celestina,
1039 4401 1116 4433 «uria
1135 4386 1253 4447 segunda
1276 4387 1360 4434 Celes·

144 4459 194 4506 tina
204 4462 241 4508 o?
260 4461 291 4510 Cl
315 4477 328 4510 u
343 4461 409 4511 Paso
425 4479 438 4510 »
454 4463 526 4512 illum
542 4481 557 4511 a
578 4466 694 4513 Moratin
710 4479 723 4512 ‹
737 4465 770 4512 El
783 4467 878 4522 Rufian
891 4465 1001 4513 Cobarde
1014 4480 1028 4513 a
1043 4473 1216 4529 nuncupatum
1234 4467 1257 4528 (s
1267 4465 1359 4526 Orige-

143 4553 182 4584 nes
193 4541 231 4588 del
241 4547 321 4589 teatro
329 4545 429 4604 espahol
440 4561 461 4604 »‚
476 4545 616 4592 Bibliotccu
629 4547 658 4593 da
670 4546 779 4593 Antores
788 4547 921 4607 espairoles,
939 4545 1053 4602 Madrid,
1081 4547 1267 4607 Riuadeneyra,
1282 4546 1357 4607 1848,

148 4618 203 4664 tomo
217 4621 251 4682 u).
1081 4629 1085 4639 “

176 4698 209 4764 (a)
224 4699 254 4750 Cl
266 4702 299 4752 El
312 4703 408 4764 Rufian
418 4702 529 4768 cobarde.
