<?xml version="1.0" encoding="UTF-8"?>
<!DOCTYPE html PUBLIC "-//W3C//DTD XHTML 1.0 Transitional//EN"
    "http://www.w3.org/TR/xhtml1/DTD/xhtml1-transitional.dtd">
<html xmlns="http://www.w3.org/1999/xhtml" xml:lang="en" lang="en">
 <head>
  <title>
</title>
<meta http-equiv="Content-Type" content="text/html;charset=utf-8" />
  <meta name='ocr-system' content='tesseract 3.04.00' />
  <meta name='ocr-capabilities' content='ocr_page ocr_carea ocr_par ocr_line ocrx_word'/>
</head>
<body>
  <div class='ocr_page' id='page_1' title='image "./quatenustragico00martgoog_0081.png"; bbox 0 0 3388 5458; ppageno 0'>
   <div class='ocr_carea' id='block_1_1' title="bbox 833 491 993 576">
    <p class='ocr_par' dir='ltr' id='par_1_1' title="bbox 833 491 993 576">
     <span class='ocr_line' id='line_1_1' title="bbox 833 491 993 576; baseline 0.006 -35"><span class='ocrx_word' id='word_1_1' title='bbox 833 491 993 576; x_wconf 77' lang='lat'>..76-</span> 
     </span>
    </p>
   </div>
   <div class='ocr_carea' id='block_1_2' title="bbox 259 649 1512 4816">
    <p class='ocr_par' dir='ltr' id='par_1_2' title="bbox 259 649 1512 3190">
     <span class='ocr_line' id='line_1_2' title="bbox 289 649 1512 742; baseline 0.005 -16"><span class='ocrx_word' id='word_1_2' title='bbox 289 650 489 742; x_wconf 88' lang='lat' dir='ltr'>trahuntur,</span> <span class='ocrx_word' id='word_1_3' title='bbox 514 649 638 726; x_wconf 90' lang='lat' dir='ltr'>famuli</span> <span class='ocrx_word' id='word_1_4' title='bbox 658 664 694 727; x_wconf 92' lang='lat' dir='ltr'>et</span> <span class='ocrx_word' id='word_1_5' title='bbox 722 657 927 728; x_wconf 87' lang='lat' dir='ltr'>meretrices</span> <span class='ocrx_word' id='word_1_6' title='bbox 965 653 1194 729; x_wconf 88' lang='lat' dir='ltr'>incalescunt</span> <span class='ocrx_word' id='word_1_7' title='bbox 1221 669 1256 730; x_wconf 91' lang='lat' dir='ltr'>et</span> <span class='ocrx_word' id='word_1_8' title='bbox 1277 662 1371 733; x_wconf 88' lang='lat' dir='ltr'>inter</span> <span class='ocrx_word' id='word_1_9' title='bbox 1396 684 1435 732; x_wconf 91' lang='lat' dir='ltr'>se</span> <span class='ocrx_word' id='word_1_10' title='bbox 1462 661 1512 733; x_wconf 88' lang='lat' dir='ltr'>ita</span> 
     </span>
     <span class='ocr_line' id='line_1_3' title="bbox 259 765 1511 870; baseline 0.004 -29"><span class='ocrx_word' id='word_1_11' title='bbox 259 765 264 776; x_wconf 83' lang='grc'><strong>’</strong></span> <span class='ocrx_word' id='word_1_12' title='bbox 288 767 493 842; x_wconf 87' lang='lat' dir='ltr'>obtrectant</span> <span class='ocrx_word' id='word_1_13' title='bbox 508 780 546 841; x_wconf 92' lang='lat' dir='ltr'>ut</span> <span class='ocrx_word' id='word_1_14' title='bbox 560 767 700 865; x_wconf 91' lang='lat' dir='ltr'>probris</span> <span class='ocrx_word' id='word_1_15' title='bbox 715 781 750 842; x_wconf 82' lang='lat' dir='ltr'>et</span> <span class='ocrx_word' id='word_1_16' title='bbox 767 769 970 844; x_wconf 87' lang='lat' dir='ltr'>maledictis</span> <span class='ocrx_word' id='word_1_17' title='bbox 995 773 1087 845; x_wconf 93' lang='lat' dir='ltr'>ictus</span> <span class='ocrx_word' id='word_1_18' title='bbox 1111 794 1257 870; x_wconf 92' lang='lat' dir='ltr'>quoque</span> <span class='ocrx_word' id='word_1_19' title='bbox 1276 773 1511 848; x_wconf 88' lang='lat' dir='ltr'>succederent</span> 
     </span>
     <span class='ocr_line' id='line_1_4' title="bbox 288 881 1512 983; baseline 0.005 -26"><span class='ocrx_word' id='word_1_20' title='bbox 288 886 320 957; x_wconf 90' lang='lat' dir='ltr'>si</span> <span class='ocrx_word' id='word_1_21' title='bbox 340 909 416 956; x_wconf 93' lang='lat' dir='ltr'>non</span> <span class='ocrx_word' id='word_1_22' title='bbox 436 881 508 956; x_wconf 89' lang='lat' dir='ltr'>alia</span> <span class='ocrx_word' id='word_1_23' title='bbox 528 897 562 956; x_wconf 87' lang='lat' dir='ltr'>et</span> <span class='ocrx_word' id='word_1_24' title='bbox 587 883 696 981; x_wconf 89' lang='lat' dir='ltr'>plane</span> <span class='ocrx_word' id='word_1_25' title='bbox 723 884 864 959; x_wconf 89' lang='lat' dir='ltr'>diversa</span> <span class='ocrx_word' id='word_1_26' title='bbox 877 884 984 983; x_wconf 86' lang='lat' dir='ltr'>jurgii</span> <span class='ocrx_word' id='word_1_27' title='bbox 1005 885 1089 960; x_wconf 90' lang='lat' dir='ltr'>finis</span> <span class='ocrx_word' id='word_1_28' title='bbox 1108 901 1216 960; x_wconf 88' lang='lat' dir='ltr'>esset.</span> <span class='ocrx_word' id='word_1_29' title='bbox 1247 888 1332 962; x_wconf 89' lang='lat' dir='ltr'>Tali</span> <span class='ocrx_word' id='word_1_30' title='bbox 1361 893 1512 963; x_wconf 88' lang='lat' dir='ltr'>veritate</span> 
     </span>
     <span class='ocr_line' id='line_1_5' title="bbox 289 997 1511 1100; baseline 0.005 -26"><span class='ocrx_word' id='word_1_31' title='bbox 289 1011 324 1074; x_wconf 89' lang='lat' dir='ltr'>et</span> <span class='ocrx_word' id='word_1_32' title='bbox 344 998 479 1097; x_wconf 87' lang='lat' dir='ltr'>majore</span> <span class='ocrx_word' id='word_1_33' title='bbox 510 997 621 1072; x_wconf 91' lang='lat' dir='ltr'>etiam</span> <span class='ocrx_word' id='word_1_34' title='bbox 655 999 804 1073; x_wconf 85' lang='lat' dir='ltr'>licentia</span> <span class='ocrx_word' id='word_1_35' title='bbox 841 1005 1025 1098; x_wconf 87' lang='lat' dir='ltr'>praeterita</span> <span class='ocrx_word' id='word_1_36' title='bbox 1061 1013 1096 1075; x_wconf 88' lang='lat' dir='ltr'>et</span> <span class='ocrx_word' id='word_1_37' title='bbox 1124 1029 1288 1100; x_wconf 87' lang='lat' dir='ltr'>praesens</span> <span class='ocrx_word' id='word_1_38' title='bbox 1311 1004 1511 1080; x_wconf 86' lang='lat' dir='ltr'>Celestinae</span> 
     </span>
     <span class='ocr_line' id='line_1_6' title="bbox 289 1114 1512 1212; baseline 0.005 -24"><span class='ocrx_word' id='word_1_39' title='bbox 289 1118 364 1188; x_wconf 91' lang='lat' dir='ltr'>vita</span> <span class='ocrx_word' id='word_1_40' title='bbox 392 1127 478 1188; x_wconf 91' lang='lat' dir='ltr'>ante</span> <span class='ocrx_word' id='word_1_41' title='bbox 505 1114 630 1188; x_wconf 92' lang='lat' dir='ltr'>oculos</span> <span class='ocrx_word' id='word_1_42' title='bbox 650 1130 792 1190; x_wconf 88' lang='lat' dir='ltr'>nostros</span> <span class='ocrx_word' id='word_1_43' title='bbox 813 1116 1033 1191; x_wconf 86' lang='lat' dir='ltr'>obversatur.</span> <span class='ocrx_word' id='word_1_44' title='bbox 1068 1119 1164 1212; x_wconf 85' lang='lat' dir='ltr'>Quae</span> <span class='ocrx_word' id='word_1_45' title='bbox 1191 1117 1290 1192; x_wconf 89' lang='lat' dir='ltr'>illam</span> <span class='ocrx_word' id='word_1_46' title='bbox 1323 1119 1512 1195; x_wconf 80' lang='lat' dir='ltr'>Claudz‘na</span> 
     </span>
     <span class='ocr_line' id='line_1_7' title="bbox 288 1230 1512 1309; baseline 0.005 -6"><span class='ocrx_word' id='word_1_47' title='bbox 288 1230 451 1306; x_wconf 92' lang='lat' dir='ltr'>docuerit</span> <span class='ocrx_word' id='word_1_48' title='bbox 477 1233 660 1304; x_wconf 83' lang='lat' dir='ltr'>Parmeno</span> <span class='ocrx_word' id='word_1_49' title='bbox 688 1243 756 1305; x_wconf 86' lang='lat' dir='ltr'>nos</span> <span class='ocrx_word' id='word_1_50' title='bbox 784 1237 953 1306; x_wconf 87' lang='lat' dir='ltr'>certiores</span> <span class='ocrx_word' id='word_1_51' title='bbox 976 1232 1075 1307; x_wconf 89' lang='lat' dir='ltr'>facit.</span> <span class='ocrx_word' id='word_1_52' title='bbox 1117 1234 1270 1308; x_wconf 77' lang='lat' dir='ltr'>«Nulla</span> <span class='ocrx_word' id='word_1_53' title='bbox 1291 1239 1512 1309; x_wconf 88' lang='lat' dir='ltr'>monasteria</span> 
     </span>
     <span class='ocr_line' id='line_1_8' title="bbox 285 1347 1510 1448; baseline 0.002 -26"><span class='ocrx_word' id='word_1_54' title='bbox 285 1372 489 1422; x_wconf 76' lang='lat' dir='ltr'>nonnarum</span> <span class='ocrx_word' id='word_1_55' title='bbox 514 1359 576 1421; x_wconf 87' lang='lat' dir='ltr'>aut</span> <span class='ocrx_word' id='word_1_56' title='bbox 607 1347 867 1422; x_wconf 90' lang='lat' dir='ltr'>monachorum</span> <span class='ocrx_word' id='word_1_57' title='bbox 902 1373 976 1422; x_wconf 94' lang='lat' dir='ltr'>non</span> <span class='ocrx_word' id='word_1_58' title='bbox 991 1347 1257 1448; x_wconf 79' lang='lat' dir='ltr'>frequentabat,</span> <span class='ocrx_word' id='word_1_59' title='bbox 1281 1364 1320 1424; x_wconf 90' lang='lat' dir='ltr'>ut</span> <span class='ocrx_word' id='word_1_60' title='bbox 1339 1351 1510 1424; x_wconf 89' lang='lat' dir='ltr'>simulato</span> 
     </span>
     <span class='ocr_line' id='line_1_9' title="bbox 285 1463 1509 1564; baseline 0.005 -28"><span class='ocrx_word' id='word_1_61' title='bbox 285 1464 472 1562; x_wconf 85' lang='lat' dir='ltr'>religionis</span> <span class='ocrx_word' id='word_1_62' title='bbox 500 1463 600 1538; x_wconf 90' lang='lat' dir='ltr'>cultu</span> <span class='ocrx_word' id='word_1_63' title='bbox 630 1465 816 1538; x_wconf 90' lang='lat' dir='ltr'>lenocinia</span> <span class='ocrx_word' id='word_1_64' title='bbox 844 1465 895 1538; x_wconf 93' lang='lat' dir='ltr'>ibi</span> <span class='ocrx_word' id='word_1_65' title='bbox 915 1491 982 1540; x_wconf 88' lang='lat' dir='ltr'>sua</span> <span class='ocrx_word' id='word_1_66' title='bbox 1008 1479 1253 1564; x_wconf 64' lang='lat' dir='ltr'>componeret·</span> <span class='ocrx_word' id='word_1_67' title='bbox 1291 1469 1402 1541; x_wconf 91' lang='lat' dir='ltr'>Domi</span> <span class='ocrx_word' id='word_1_68' title='bbox 1431 1493 1509 1542; x_wconf 81' lang='lat' dir='ltr'>suae</span> 
     </span>
     <span class='ocr_line' id='line_1_10' title="bbox 285 1571 1508 1680; baseline 0.005 -30"><span class='ocrx_word' id='word_1_69' title='bbox 285 1579 462 1678; x_wconf 87' lang='lat' dir='ltr'>pretiosos</span> <span class='ocrx_word' id='word_1_70' title='bbox 478 1579 607 1654; x_wconf 90' lang='lat' dir='ltr'>odores</span> <span class='ocrx_word' id='word_1_71' title='bbox 626 1571 779 1677; x_wconf 87' lang='lat' dir='ltr'>parabat</span> <span class='ocrx_word' id='word_1_72' title='bbox 798 1585 997 1680; x_wconf 86' lang='lat' dir='ltr'>omniaque</span> <span class='ocrx_word' id='word_1_73' title='bbox 1016 1606 1152 1678; x_wconf 87' lang='lat' dir='ltr'>genera</span> <span class='ocrx_word' id='word_1_74' title='bbox 1175 1586 1398 1656; x_wconf 89' lang='lat' dir='ltr'>exoticorum</span> <span class='ocrx_word' id='word_1_75' title='bbox 1419 1583 1508 1657; x_wconf 90' lang='lat' dir='ltr'>[ruc-</span> 
     </span>
     <span class='ocr_line' id='line_1_11' title="bbox 283 1695 1509 1796; baseline 0.001 -26"><span class='ocrx_word' id='word_1_76' title='bbox 283 1709 384 1771; x_wconf 90' lang='lat' dir='ltr'>tuum</span> <span class='ocrx_word' id='word_1_77' title='bbox 412 1695 641 1770; x_wconf 87' lang='lat' dir='ltr'>adulterabat</span> <span class='ocrx_word' id='word_1_78' title='bbox 672 1722 764 1794; x_wconf 91' lang='lat' dir='ltr'>quos</span> <span class='ocrx_word' id='word_1_79' title='bbox 792 1723 856 1796; x_wconf 92' lang='lat' dir='ltr'>pro</span> <span class='ocrx_word' id='word_1_80' title='bbox 897 1697 1174 1772; x_wconf 86' lang='lat' dir='ltr'>medicamentis</span> <span class='ocrx_word' id='word_1_81' title='bbox 1212 1699 1366 1796; x_wconf 89' lang='lat' dir='ltr'>simplex</span> <span class='ocrx_word' id='word_1_82' title='bbox 1403 1698 1509 1774; x_wconf 91' lang='lat' dir='ltr'>turba</span> 
     </span>
     <span class='ocr_line' id='line_1_12' title="bbox 283 1812 1504 1906; baseline 0 -19"><span class='ocrx_word' id='word_1_83' title='bbox 283 1812 440 1887; x_wconf 86' lang='lat' dir='ltr'>emebat.</span> <span class='ocrx_word' id='word_1_84' title='bbox 460 1815 502 1887; x_wconf 94' lang='lat' dir='ltr'>ln</span> <span class='ocrx_word' id='word_1_85' title='bbox 517 1813 591 1886; x_wconf 91' lang='lat' dir='ltr'>alio</span> <span class='ocrx_word' id='word_1_86' title='bbox 605 1838 749 1887; x_wconf 88' lang='lat' dir='ltr'>secessu</span> <span class='ocrx_word' id='word_1_87' title='bbox 764 1813 923 1887; x_wconf 87' lang='lat' dir='ltr'>remedia</span> <span class='ocrx_word' id='word_1_88' title='bbox 940 1812 1100 1886; x_wconf 87' lang='lat' dir='ltr'>habebat</span> <span class='ocrx_word' id='word_1_89' title='bbox 1116 1819 1250 1888; x_wconf 89' lang='lat' dir='ltr'>amoris</span> <span class='ocrx_word' id='word_1_90' title='bbox 1265 1814 1504 1906; x_wconf 91' lang='lat' dir='ltr'>conciliandi,</span> 
     </span>
     <span class='ocr_line' id='line_1_13' title="bbox 284 1927 1506 2029; baseline -0.001 -26"><span class='ocrx_word' id='word_1_91' title='bbox 284 1954 369 2003; x_wconf 89' lang='lat' dir='ltr'>ossa</span> <span class='ocrx_word' id='word_1_92' title='bbox 389 1927 508 2003; x_wconf 89' lang='lat' dir='ltr'>cordis</span> <span class='ocrx_word' id='word_1_93' title='bbox 528 1932 679 2020; x_wconf 90' lang='lat' dir='ltr'>corvin-i,</span> <span class='ocrx_word' id='word_1_94' title='bbox 699 1928 845 2029; x_wconf 86' lang='lat' dir='ltr'>linguas</span> <span class='ocrx_word' id='word_1_95' title='bbox 865 1933 1079 2028; x_wconf 88' lang='lat' dir='ltr'>viperarum,</span> <span class='ocrx_word' id='word_1_96' title='bbox 1105 1930 1286 2004; x_wconf 85' lang='lat' dir='ltr'>cerebella</span> <span class='ocrx_word' id='word_1_97' title='bbox 1309 1934 1506 2018; x_wconf 88' lang='lat' dir='ltr'>asinomm,</span> 
     </span>
     <span class='ocr_line' id='line_1_14' title="bbox 284 2043 1507 2142; baseline -0.003 -22"><span class='ocrx_word' id='word_1_98' title='bbox 284 2044 407 2120; x_wconf 89' lang='lat' dir='ltr'>funem</span> <span class='ocrx_word' id='word_1_99' title='bbox 439 2043 657 2142; x_wconf 88' lang='lat' dir='ltr'>strangulati</span> <span class='ocrx_word' id='word_1_100' title='bbox 692 2044 863 2134; x_wconf 92' lang='lat' dir='ltr'>hominis,</span> <span class='ocrx_word' id='word_1_101' title='bbox 905 2043 1029 2118; x_wconf 89' lang='lat' dir='ltr'>florem</span> <span class='ocrx_word' id='word_1_102' title='bbox 1059 2044 1217 2135; x_wconf 83' lang='lat' dir='ltr'>hederae,</span> <span class='ocrx_word' id='word_1_103' title='bbox 1250 2057 1334 2136; x_wconf 78' lang='lat' dir='ltr'>etc,</span> <span class='ocrx_word' id='word_1_104' title='bbox 1358 2058 1461 2122; x_wconf 90' lang='lat' dir='ltr'>etc...</span> <span class='ocrx_word' id='word_1_105' title='bbox 1488 2075 1507 2116; x_wconf 85' lang='lat'>»</span> 
     </span>
     <span class='ocr_line' id='line_1_15' title="bbox 284 2160 1507 2258; baseline -0.001 -23"><span class='ocrx_word' id='word_1_106' title='bbox 284 2161 473 2256; x_wconf 81' lang='lat' dir='ltr'>Quantum</span> <span class='ocrx_word' id='word_1_107' title='bbox 494 2172 614 2234; x_wconf 88' lang='lat' dir='ltr'>autem</span> <span class='ocrx_word' id='word_1_108' title='bbox 636 2160 823 2234; x_wconf 88' lang='lat' dir='ltr'>Celestina</span> <span class='ocrx_word' id='word_1_109' title='bbox 842 2173 980 2234; x_wconf 90' lang='lat' dir='ltr'>ceteras</span> <span class='ocrx_word' id='word_1_110' title='bbox 1004 2160 1108 2234; x_wconf 90' lang='lat' dir='ltr'>lenas</span> <span class='ocrx_word' id='word_1_111' title='bbox 1131 2165 1352 2258; x_wconf 87' lang='lat' dir='ltr'>superaverit</span> <span class='ocrx_word' id='word_1_112' title='bbox 1377 2187 1451 2234; x_wconf 95' lang='lat' dir='ltr'>non</span> <span class='ocrx_word' id='word_1_113' title='bbox 1471 2173 1507 2235; x_wconf 90' lang='lat' dir='ltr'>te</span> 
     </span>
     <span class='ocr_line' id='line_1_16' title="bbox 281 2275 1506 2376; baseline 0.001 -27"><span class='ocrx_word' id='word_1_114' title='bbox 281 2275 480 2375; x_wconf 80' lang='lat' dir='ltr'>praeteribit</span> <span class='ocrx_word' id='word_1_115' title='bbox 513 2278 543 2349; x_wconf 93' lang='lat' dir='ltr'>si</span> <span class='ocrx_word' id='word_1_116' title='bbox 582 2275 801 2373; x_wconf 89' lang='lat' dir='ltr'>Sempronio</span> <span class='ocrx_word' id='word_1_117' title='bbox 840 2276 1064 2350; x_wconf 89' lang='lat' dir='ltr'>credideris:</span> <span class='ocrx_word' id='word_1_118' title='bbox 1100 2305 1117 2346; x_wconf 88' lang='lat'>&lt;‹</span> <span class='ocrx_word' id='word_1_119' title='bbox 1141 2277 1316 2376; x_wconf 84' lang='lat' dir='ltr'>Quinque</span> <span class='ocrx_word' id='word_1_120' title='bbox 1350 2278 1506 2376; x_wconf 89' lang='lat' dir='ltr'>amplius</span> 
     </span>
     <span class='ocr_line' id='line_1_17' title="bbox 281 2391 1505 2491; baseline 0.002 -27"><span class='ocrx_word' id='word_1_121' title='bbox 281 2392 397 2466; x_wconf 88' lang='lat' dir='ltr'>millia</span> <span class='ocrx_word' id='word_1_122' title='bbox 418 2392 539 2466; x_wconf 91' lang='lat' dir='ltr'>audivi</span> <span class='ocrx_word' id='word_1_123' title='bbox 572 2391 787 2465; x_wconf 87' lang='lat' dir='ltr'>feminarum</span> <span class='ocrx_word' id='word_1_124' title='bbox 818 2391 878 2466; x_wconf 93' lang='lat' dir='ltr'>hic</span> <span class='ocrx_word' id='word_1_125' title='bbox 903 2418 982 2466; x_wconf 91' lang='lat' dir='ltr'>esse</span> <span class='ocrx_word' id='word_1_126' title='bbox 1014 2418 1105 2490; x_wconf 90' lang='lat' dir='ltr'>quas</span> <span class='ocrx_word' id='word_1_127' title='bbox 1135 2393 1180 2466; x_wconf 88' lang='lat' dir='ltr'>de</span> <span class='ocrx_word' id='word_1_128' title='bbox 1213 2394 1417 2491; x_wconf 91' lang='lat' dir='ltr'>virginibus</span> <span class='ocrx_word' id='word_1_129' title='bbox 1441 2393 1505 2467; x_wconf 90' lang='lat' dir='ltr'>illa</span> 
     </span>
     <span class='ocr_line' id='line_1_18' title="bbox 280 2507 1502 2608; baseline 0.001 -27"><span class='ocrx_word' id='word_1_130' title='bbox 280 2508 460 2600; x_wconf 80' lang='lat' dir='ltr'>muliereS,</span> <span class='ocrx_word' id='word_1_131' title='bbox 486 2508 532 2582; x_wconf 91' lang='lat' dir='ltr'>de</span> <span class='ocrx_word' id='word_1_132' title='bbox 555 2507 766 2582; x_wconf 92' lang='lat' dir='ltr'>mulieribus</span> <span class='ocrx_word' id='word_1_133' title='bbox 795 2512 956 2606; x_wconf 88' lang='lat' dir='ltr'>virgines</span> <span class='ocrx_word' id='word_1_134' title='bbox 992 2513 1207 2582; x_wconf 87' lang='lat' dir='ltr'>auctoritate</span> <span class='ocrx_word' id='word_1_135' title='bbox 1232 2535 1298 2583; x_wconf 90' lang='lat' dir='ltr'>sua</span> <span class='ocrx_word' id='word_1_136' title='bbox 1327 2535 1389 2608; x_wconf 88' lang='lat' dir='ltr'>per</span> <span class='ocrx_word' id='word_1_137' title='bbox 1413 2510 1502 2582; x_wconf 88' lang='lat' dir='ltr'>civi·</span> 
     </span>
     <span class='ocr_line' id='line_1_19' title="bbox 278 2624 1502 2723; baseline -0.002 -24"><span class='ocrx_word' id='word_1_138' title='bbox 278 2637 390 2700; x_wconf 88' lang='lat' dir='ltr'>tatem</span> <span class='ocrx_word' id='word_1_139' title='bbox 405 2624 540 2698; x_wconf 87' lang='lat' dir='ltr'>fecerit.</span> <span class='ocrx_word' id='word_1_140' title='bbox 567 2624 688 2698; x_wconf 90' lang='lat' dir='ltr'>Ludus</span> <span class='ocrx_word' id='word_1_141' title='bbox 709 2628 741 2697; x_wconf 91' lang='lat' dir='ltr'>ei</span> <span class='ocrx_word' id='word_1_142' title='bbox 758 2639 971 2698; x_wconf 86' lang='lat' dir='ltr'>temeratum</span> <span class='ocrx_word' id='word_1_143' title='bbox 990 2626 1179 2723; x_wconf 84' lang='lat' dir='ltr'>pudicitiae</span> <span class='ocrx_word' id='word_1_144' title='bbox 1194 2624 1318 2699; x_wconf 85' lang='lat' dir='ltr'>florem</span> <span class='ocrx_word' id='word_1_145' title='bbox 1340 2628 1502 2697; x_wconf 87' lang='lat' dir='ltr'>mentitis</span> 
     </span>
     <span class='ocr_line' id='line_1_20' title="bbox 279 2739 1500 2838; baseline -0.002 -22"><span class='ocrx_word' id='word_1_146' title='bbox 279 2739 460 2816; x_wconf 90' lang='lat' dir='ltr'>machinis</span> <span class='ocrx_word' id='word_1_147' title='bbox 479 2765 543 2838; x_wconf 94' lang='lat' dir='ltr'>pro</span> <span class='ocrx_word' id='word_1_148' title='bbox 563 2743 705 2838; x_wconf 87' lang='lat' dir='ltr'>integro</span> <span class='ocrx_word' id='word_1_149' title='bbox 720 2740 886 2813; x_wconf 88' lang='lat' dir='ltr'>vendere.</span> <span class='ocrx_word' id='word_1_150' title='bbox 906 2743 999 2813; x_wconf 83' lang='lat' dir='ltr'>Haec</span> <span class='ocrx_word' id='word_1_151' title='bbox 1014 2741 1225 2815; x_wconf 85' lang='lat' dir='ltr'>durissimas</span> <span class='ocrx_word' id='word_1_152' title='bbox 1244 2745 1355 2814; x_wconf 87' lang='lat' dir='ltr'>etiam</span> <span class='ocrx_word' id='word_1_153' title='bbox 1368 2752 1500 2838; x_wconf 78' lang='lat' dir='ltr'>petraS,</span> 
     </span>
     <span class='ocr_line' id='line_1_21' title="bbox 280 2854 1503 2960; baseline 0 -28"><span class='ocrx_word' id='word_1_154' title='bbox 280 2854 390 2932; x_wconf 92' lang='lat' dir='ltr'>modo</span> <span class='ocrx_word' id='word_1_155' title='bbox 421 2855 520 2947; x_wconf 90' lang='lat' dir='ltr'>velit,</span> <span class='ocrx_word' id='word_1_156' title='bbox 560 2858 598 2928; x_wconf 92' lang='lat' dir='ltr'>in</span> <span class='ocrx_word' id='word_1_157' title='bbox 636 2854 828 2960; x_wconf 90' lang='lat' dir='ltr'>libidinem</span> <span class='ocrx_word' id='word_1_158' title='bbox 860 2881 1088 2930; x_wconf 89' lang='lat' dir='ltr'>commovere</span> <span class='ocrx_word' id='word_1_159' title='bbox 1120 2856 1266 2929; x_wconf 87' lang='lat' dir='ltr'>valet».</span> <span class='ocrx_word' id='word_1_160' title='bbox 1303 2857 1503 2932; x_wconf 83' lang='lat' dir='ltr'>Celestinae</span> 
     </span>
     <span class='ocr_line' id='line_1_22' title="bbox 281 2970 1501 3072; baseline -0.002 -24"><span class='ocrx_word' id='word_1_161' title='bbox 281 2975 390 3072; x_wconf 90' lang='lat' dir='ltr'>igitur</span> <span class='ocrx_word' id='word_1_162' title='bbox 421 2971 552 3047; x_wconf 92' lang='lat' dir='ltr'>domus</span> <span class='ocrx_word' id='word_1_163' title='bbox 589 2970 700 3068; x_wconf 90' lang='lat' dir='ltr'>longa</span> <span class='ocrx_word' id='word_1_164' title='bbox 733 2983 768 3044; x_wconf 89' lang='lat' dir='ltr'>et</span> <span class='ocrx_word' id='word_1_165' title='bbox 804 2997 974 3070; x_wconf 90' lang='lat' dir='ltr'>prospera</span> <span class='ocrx_word' id='word_1_166' title='bbox 1011 2997 1077 3046; x_wconf 92' lang='lat' dir='ltr'>usa</span> <span class='ocrx_word' id='word_1_167' title='bbox 1123 2984 1177 3045; x_wconf 91' lang='lat' dir='ltr'>est</span> <span class='ocrx_word' id='word_1_168' title='bbox 1222 2973 1375 3060; x_wconf 89' lang='lat' dir='ltr'>fortuna,</span> <span class='ocrx_word' id='word_1_169' title='bbox 1419 2999 1501 3064; x_wconf 91' lang='lat' dir='ltr'>nec,</span> 
     </span>
     <span class='ocr_line' id='line_1_23' title="bbox 281 3087 1501 3190; baseline -0.002 -26"><span class='ocrx_word' id='word_1_170' title='bbox 281 3092 448 3190; x_wconf 92' lang='lat' dir='ltr'>quamvis</span> <span class='ocrx_word' id='word_1_171' title='bbox 467 3088 513 3162; x_wconf 92' lang='lat' dir='ltr'>ad</span> <span class='ocrx_word' id='word_1_172' title='bbox 533 3111 644 3186; x_wconf 87' lang='lat' dir='ltr'>parva</span> <span class='ocrx_word' id='word_1_173' title='bbox 663 3087 808 3161; x_wconf 86' lang='lat' dir='ltr'>redacta</span> <span class='ocrx_word' id='word_1_174' title='bbox 833 3090 890 3176; x_wconf 91' lang='lat' dir='ltr'>sit,</span> <span class='ocrx_word' id='word_1_175' title='bbox 910 3091 1010 3160; x_wconf 90' lang='lat' dir='ltr'>omni</span> <span class='ocrx_word' id='word_1_176' title='bbox 1031 3113 1099 3185; x_wconf 90' lang='lat' dir='ltr'>ope</span> <span class='ocrx_word' id='word_1_177' title='bbox 1117 3113 1233 3162; x_wconf 90' lang='lat' dir='ltr'>vacua</span> <span class='ocrx_word' id='word_1_178' title='bbox 1255 3101 1310 3162; x_wconf 88' lang='lat' dir='ltr'>est</span> <span class='ocrx_word' id='word_1_179' title='bbox 1334 3101 1369 3162; x_wconf 86' lang='lat' dir='ltr'>et</span> <span class='ocrx_word' id='word_1_180' title='bbox 1390 3088 1501 3162; x_wconf 91' lang='lat' dir='ltr'>nuda.</span> 
     </span>
    </p>

    <p class='ocr_par' dir='ltr' id='par_1_3' title="bbox 266 3201 1505 4816">
     <span class='ocr_line' id='line_1_24' title="bbox 329 3201 1498 3300; baseline 0 -22"><span class='ocrx_word' id='word_1_181' title='bbox 329 3205 413 3279; x_wconf 94' lang='lat' dir='ltr'>Non</span> <span class='ocrx_word' id='word_1_182' title='bbox 434 3207 554 3277; x_wconf 90' lang='lat' dir='ltr'>minus</span> <span class='ocrx_word' id='word_1_183' title='bbox 574 3203 763 3276; x_wconf 88' lang='lat' dir='ltr'>horrendis</span> <span class='ocrx_word' id='word_1_184' title='bbox 776 3201 882 3276; x_wconf 88' lang='lat' dir='ltr'>rebus</span> <span class='ocrx_word' id='word_1_185' title='bbox 899 3230 1007 3300; x_wconf 89' lang='lat' dir='ltr'>quam</span> <span class='ocrx_word' id='word_1_186' title='bbox 1024 3203 1265 3278; x_wconf 77' lang='lat' dir='ltr'>familiaribus</span> <span class='ocrx_word' id='word_1_187' title='bbox 1279 3217 1315 3277; x_wconf 89' lang='lat' dir='ltr'>et</span> <span class='ocrx_word' id='word_1_188' title='bbox 1330 3205 1498 3278; x_wconf 91' lang='lat' dir='ltr'>licentio·</span> 
     </span>
     <span class='ocr_line' id='line_1_25' title="bbox 279 3319 1504 3419; baseline -0.001 -26"><span class='ocrx_word' id='word_1_189' title='bbox 279 3321 380 3395; x_wconf 92' lang='lat' dir='ltr'>ribus</span> <span class='ocrx_word' id='word_1_190' title='bbox 414 3320 649 3393; x_wconf 90' lang='lat' dir='ltr'>Fernandum</span> <span class='ocrx_word' id='word_1_191' title='bbox 677 3321 720 3392; x_wconf 86' lang='lat' dir='ltr'>de</span> <span class='ocrx_word' id='word_1_192' title='bbox 745 3319 861 3419; x_wconf 80' lang='lat' dir='ltr'>Rojos</span> <span class='ocrx_word' id='word_1_193' title='bbox 891 3319 1081 3416; x_wconf 86' lang='lat' dir='ltr'>indulgere</span> <span class='ocrx_word' id='word_1_194' title='bbox 1110 3319 1295 3416; x_wconf 84' lang='lat' dir='ltr'>intelliges</span> <span class='ocrx_word' id='word_1_195' title='bbox 1324 3321 1354 3392; x_wconf 91' lang='lat' dir='ltr'>si</span> <span class='ocrx_word' id='word_1_196' title='bbox 1385 3323 1504 3416; x_wconf 87' lang='lat' dir='ltr'>magis</span> 
     </span>
     <span class='ocr_line' id='line_1_26' title="bbox 279 3434 1505 3536; baseline 0 -26"><span class='ocrx_word' id='word_1_197' title='bbox 279 3441 470 3536; x_wconf 86' lang='lat' dir='ltr'>magisque</span> <span class='ocrx_word' id='word_1_198' title='bbox 503 3436 729 3509; x_wconf 89' lang='lat' dir='ltr'>tremendam</span> <span class='ocrx_word' id='word_1_199' title='bbox 758 3435 869 3508; x_wconf 91' lang='lat' dir='ltr'>finem</span> <span class='ocrx_word' id='word_1_200' title='bbox 905 3436 1101 3508; x_wconf 87' lang='lat' dir='ltr'>meditatus</span> <span class='ocrx_word' id='word_1_201' title='bbox 1126 3438 1197 3508; x_wconf 90' lang='lat' dir='ltr'>eris</span> <span class='ocrx_word' id='word_1_202' title='bbox 1230 3461 1314 3534; x_wconf 86' lang='lat' dir='ltr'>quae</span> <span class='ocrx_word' id='word_1_203' title='bbox 1334 3434 1505 3510; x_wconf 88' lang='lat' dir='ltr'>dominos</span> 
     </span>
     <span class='ocr_line' id='line_1_27' title="bbox 279 3550 1499 3650; baseline -0.002 -24"><span class='ocrx_word' id='word_1_204' title='bbox 279 3564 460 3627; x_wconf 90' lang='lat' dir='ltr'>amatores</span> <span class='ocrx_word' id='word_1_205' title='bbox 491 3577 599 3650; x_wconf 85' lang='lat' dir='ltr'>aeque</span> <span class='ocrx_word' id='word_1_206' title='bbox 624 3577 667 3624; x_wconf 90' lang='lat' dir='ltr'>ac</span> <span class='ocrx_word' id='word_1_207' title='bbox 701 3554 887 3624; x_wconf 92' lang='lat' dir='ltr'>ministros</span> <span class='ocrx_word' id='word_1_208' title='bbox 908 3577 1066 3650; x_wconf 90' lang='lat' dir='ltr'>nequam</span> <span class='ocrx_word' id='word_1_209' title='bbox 1087 3563 1122 3624; x_wconf 91' lang='lat' dir='ltr'>et</span> <span class='ocrx_word' id='word_1_210' title='bbox 1143 3550 1259 3624; x_wconf 91' lang='lat' dir='ltr'>malos</span> <span class='ocrx_word' id='word_1_211' title='bbox 1286 3564 1411 3634; x_wconf 86' lang='lat' dir='ltr'>secuta</span> <span class='ocrx_word' id='word_1_212' title='bbox 1431 3563 1499 3624; x_wconf 83' lang='lat' dir='ltr'>est.</span> 
     </span>
     <span class='ocr_line' id='line_1_28' title="bbox 279 3663 1501 3764; baseline -0.003 -24"><span class='ocrx_word' id='word_1_213' title='bbox 279 3665 436 3740; x_wconf 91' lang='lat' dir='ltr'>Multum</span> <span class='ocrx_word' id='word_1_214' title='bbox 468 3665 542 3764; x_wconf 83' lang='lat' dir='ltr'>jam</span> <span class='ocrx_word' id='word_1_215' title='bbox 576 3663 791 3739; x_wconf 86' lang='lat' dir='ltr'>offensionis</span> <span class='ocrx_word' id='word_1_216' title='bbox 829 3665 1044 3764; x_wconf 78' lang='lat' dir='ltr'>Sempronio</span> <span class='ocrx_word' id='word_1_217' title='bbox 1080 3678 1115 3738; x_wconf 92' lang='lat' dir='ltr'>et</span> <span class='ocrx_word' id='word_1_218' title='bbox 1146 3667 1329 3738; x_wconf 85' lang='lat' dir='ltr'>Parmeno</span> <span class='ocrx_word' id='word_1_219' title='bbox 1362 3663 1501 3738; x_wconf 90' lang='lat' dir='ltr'>habent</span> 
     </span>
     <span class='ocr_line' id='line_1_29' title="bbox 266 3769 1502 3877; baseline -0.004 -20"><span class='ocrx_word' id='word_1_220' title='bbox 266 3769 361 3857; x_wconf 59' lang='lat' dir='ltr'>&#39;cum</span> <span class='ocrx_word' id='word_1_221' title='bbox 377 3781 511 3858; x_wconf 87' lang='lat' dir='ltr'>vetulae</span> <span class='ocrx_word' id='word_1_222' title='bbox 542 3786 695 3856; x_wconf 89' lang='lat' dir='ltr'>avaritia</span> <span class='ocrx_word' id='word_1_223' title='bbox 714 3781 852 3856; x_wconf 83' lang='lat' dir='ltr'>efferati</span> <span class='ocrx_word' id='word_1_224' title='bbox 874 3786 912 3854; x_wconf 92' lang='lat' dir='ltr'>in</span> <span class='ocrx_word' id='word_1_225' title='bbox 942 3782 1062 3855; x_wconf 89' lang='lat' dir='ltr'>lenam</span> <span class='ocrx_word' id='word_1_226' title='bbox 1084 3785 1223 3855; x_wconf 86' lang='lat' dir='ltr'>irruunt</span> <span class='ocrx_word' id='word_1_227' title='bbox 1244 3807 1354 3877; x_wconf 88' lang='lat' dir='ltr'>quarn</span> <span class='ocrx_word' id='word_1_228' title='bbox 1377 3785 1502 3853; x_wconf 93' lang='lat' dir='ltr'>incon·</span> 
     </span>
     <span class='ocr_line' id='line_1_30' title="bbox 279 3898 1502 3996; baseline -0.003 -22"><span class='ocrx_word' id='word_1_229' title='bbox 279 3899 411 3974; x_wconf 87' lang='lat' dir='ltr'>fessam</span> <span class='ocrx_word' id='word_1_230' title='bbox 432 3912 468 3972; x_wconf 91' lang='lat' dir='ltr'>et</span> <span class='ocrx_word' id='word_1_231' title='bbox 488 3911 666 3972; x_wconf 90' lang='lat' dir='ltr'>mortuam</span> <span class='ocrx_word' id='word_1_232' title='bbox 686 3898 896 3996; x_wconf 86' lang='lat' dir='ltr'>relinquunt</span> <span class='ocrx_word' id='word_1_233' title='bbox 926 3899 1028 3991; x_wconf 85' lang='lat' dir='ltr'>Quas</span> <span class='ocrx_word' id='word_1_234' title='bbox 1047 3923 1130 3971; x_wconf 87' lang='lat' dir='ltr'>vero</span> <span class='ocrx_word' id='word_1_235' title='bbox 1151 3901 1347 3972; x_wconf 88' lang='lat' dir='ltr'>atrociores</span> <span class='ocrx_word' id='word_1_236' title='bbox 1371 3921 1502 3994; x_wconf 87' lang='lat' dir='ltr'>poenas</span> 
     </span>
     <span class='ocr_line' id='line_1_31' title="bbox 279 4012 1497 4112; baseline -0.002 -25"><span class='ocrx_word' id='word_1_237' title='bbox 279 4015 384 4089; x_wconf 92' lang='lat' dir='ltr'>luunt</span> <span class='ocrx_word' id='word_1_238' title='bbox 412 4013 498 4088; x_wconf 92' lang='lat' dir='ltr'>dum</span> <span class='ocrx_word' id='word_1_239' title='bbox 524 4039 574 4104; x_wconf 91' lang='lat' dir='ltr'>se,</span> <span class='ocrx_word' id='word_1_240' title='bbox 604 4026 643 4088; x_wconf 89' lang='lat' dir='ltr'>ut</span> <span class='ocrx_word' id='word_1_241' title='bbox 665 4013 842 4112; x_wconf 87' lang='lat' dir='ltr'>judicium</span> <span class='ocrx_word' id='word_1_242' title='bbox 872 4012 1027 4111; x_wconf 76' lang='lat' dir='ltr'>fugiant,</span> <span class='ocrx_word' id='word_1_243' title='bbox 1051 4017 1089 4086; x_wconf 95' lang='lat' dir='ltr'>in</span> <span class='ocrx_word' id='word_1_244' title='bbox 1109 4038 1267 4112; x_wconf 80' lang='lat' dir='ltr'>praeceps</span> <span class='ocrx_word' id='word_1_245' title='bbox 1285 4012 1424 4110; x_wconf 80' lang='lat' dir='ltr'>jaciunt</span> <span class='ocrx_word' id='word_1_246' title='bbox 1448 4024 1497 4099; x_wconf 89' lang='lat' dir='ltr'>et,</span> 
     </span>
     <span class='ocr_line' id='line_1_32' title="bbox 277 4129 1498 4229; baseline -0.005 -25"><span class='ocrx_word' id='word_1_247' title='bbox 277 4129 446 4204; x_wconf 89' lang='lat' dir='ltr'>cadendo</span> <span class='ocrx_word' id='word_1_248' title='bbox 467 4129 628 4218; x_wconf 85' lang='lat' dir='ltr'>contusi,</span> <span class='ocrx_word' id='word_1_249' title='bbox 662 4133 842 4229; x_wconf 87' lang='lat' dir='ltr'>sanguine</span> <span class='ocrx_word' id='word_1_250' title='bbox 876 4141 911 4202; x_wconf 91' lang='lat' dir='ltr'>et</span> <span class='ocrx_word' id='word_1_251' title='bbox 942 4133 1051 4201; x_wconf 91' lang='lat' dir='ltr'>etiam</span> <span class='ocrx_word' id='word_1_252' title='bbox 1073 4129 1220 4202; x_wconf 87' lang='lat' dir='ltr'>cerebro</span> <span class='ocrx_word' id='word_1_253' title='bbox 1237 4129 1378 4216; x_wconf 89' lang='lat' dir='ltr'>imbuti,</span> <span class='ocrx_word' id='word_1_254' title='bbox 1403 4131 1498 4223; x_wconf 88' lang='lat' dir='ltr'>pati-</span> 
     </span>
     <span class='ocr_line' id='line_1_33' title="bbox 276 4241 1494 4343; baseline -0.004 -25"><span class='ocrx_word' id='word_1_255' title='bbox 276 4245 362 4320; x_wconf 94' lang='lat' dir='ltr'>bulo</span> <span class='ocrx_word' id='word_1_256' title='bbox 378 4244 593 4343; x_wconf 85' lang='lat' dir='ltr'>affiguntur!</span> <span class='ocrx_word' id='word_1_257' title='bbox 617 4246 708 4338; x_wconf 77' lang='lat' dir='ltr'>Quae</span> <span class='ocrx_word' id='word_1_258' title='bbox 726 4244 879 4317; x_wconf 89' lang='lat' dir='ltr'>infanda</span> <span class='ocrx_word' id='word_1_259' title='bbox 898 4271 981 4318; x_wconf 93' lang='lat' dir='ltr'>cum</span> <span class='ocrx_word' id='word_1_260' title='bbox 1001 4245 1048 4316; x_wconf 88' lang='lat' dir='ltr'>ab</span> <span class='ocrx_word' id='word_1_261' title='bbox 1064 4270 1226 4342; x_wconf 90' lang='lat' dir='ltr'>agasone</span> <span class='ocrx_word' id='word_1_262' title='bbox 1248 4243 1358 4317; x_wconf 86' lang='lat' dir='ltr'>Sosia</span> <span class='ocrx_word' id='word_1_263' title='bbox 1383 4241 1494 4327; x_wconf 87' lang='lat' dir='ltr'>audit,</span> 
     </span>
     <span class='ocr_line' id='line_1_34' title="bbox 275 4360 1499 4457; baseline -0.004 -22"><span class='ocrx_word' id='word_1_264' title='bbox 275 4361 413 4435; x_wconf 89' lang='lat' dir='ltr'>infimis</span> <span class='ocrx_word' id='word_1_265' title='bbox 442 4361 587 4436; x_wconf 83' lang='lat' dir='ltr'>Colz&#39;sto</span> <span class='ocrx_word' id='word_1_266' title='bbox 605 4361 774 4435; x_wconf 90' lang='lat' dir='ltr'>sensibus</span> <span class='ocrx_word' id='word_1_267' title='bbox 798 4361 1042 4451; x_wconf 86' lang='lat' dir='ltr'>exhorrescit;</span> <span class='ocrx_word' id='word_1_268' title='bbox 1079 4360 1263 4457; x_wconf 87' lang='lat' dir='ltr'>frigidiore</span> <span class='ocrx_word' id='word_1_269' title='bbox 1284 4374 1409 4433; x_wconf 87' lang='lat' dir='ltr'>tamen</span> <span class='ocrx_word' id='word_1_270' title='bbox 1429 4383 1499 4431; x_wconf 93' lang='lat' dir='ltr'>nos</span> 
     </span>
     <span class='ocr_line' id='line_1_35' title="bbox 275 4473 1499 4576; baseline 0 -28"><span class='ocrx_word' id='word_1_271' title='bbox 275 4477 420 4550; x_wconf 87' lang='lat' dir='ltr'>horrore</span> <span class='ocrx_word' id='word_1_272' title='bbox 439 4475 571 4551; x_wconf 89' lang='lat' dir='ltr'>afficiet</span> <span class='ocrx_word' id='word_1_273' title='bbox 597 4482 658 4576; x_wconf 91' lang='lat' dir='ltr'>qui</span> <span class='ocrx_word' id='word_1_274' title='bbox 680 4502 764 4549; x_wconf 87' lang='lat' dir='ltr'>mox</span> <span class='ocrx_word' id='word_1_275' title='bbox 788 4503 809 4550; x_wconf 92' lang='lat' dir='ltr'>e</span> <span class='ocrx_word' id='word_1_276' title='bbox 833 4475 1002 4549; x_wconf 83' lang='lat' dir='ltr'>Melibnae</span> <span class='ocrx_word' id='word_1_277' title='bbox 1030 4474 1222 4573; x_wconf 87' lang='lat' dir='ltr'>complexu</span> <span class='ocrx_word' id='word_1_278' title='bbox 1248 4476 1395 4549; x_wconf 89' lang='lat' dir='ltr'>avulsus</span> <span class='ocrx_word' id='word_1_279' title='bbox 1419 4473 1499 4548; x_wconf 92' lang='lat' dir='ltr'>solo</span> 
     </span>
     <span class='ocr_line' id='line_1_36' title="bbox 277 4587 1499 4691; baseline -0.003 -25"><span class='ocrx_word' id='word_1_280' title='bbox 277 4604 387 4690; x_wconf 88' lang='lat' dir='ltr'>caput</span> <span class='ocrx_word' id='word_1_281' title='bbox 412 4591 590 4691; x_wconf 87' lang='lat' dir='ltr'>impinget</span> <span class='ocrx_word' id='word_1_282' title='bbox 617 4618 685 4665; x_wconf 92' lang='lat' dir='ltr'>nec</span> <span class='ocrx_word' id='word_1_283' title='bbox 713 4591 832 4688; x_wconf 89' lang='lat' dir='ltr'>magis</span> <span class='ocrx_word' id='word_1_284' title='bbox 861 4615 972 4690; x_wconf 90' lang='lat' dir='ltr'>quam</span> <span class='ocrx_word' id='word_1_285' title='bbox 999 4590 1187 4664; x_wconf 85' lang='lat' dir='ltr'>Celestina</span> <span class='ocrx_word' id='word_1_286' title='bbox 1210 4587 1499 4676; x_wconf 84' lang='lat' dir='ltr'>aeternaesalutis</span> 
     </span>
     <span class='ocr_line' id='line_1_37' title="bbox 278 4707 1498 4816; baseline -0.002 -34"><span class='ocrx_word' id='word_1_287' title='bbox 278 4733 378 4810; x_wconf 87' lang='lat' dir='ltr'>spem</span> <span class='ocrx_word' id='word_1_288' title='bbox 398 4709 627 4783; x_wconf 89' lang='lat' dir='ltr'>confessione</span> <span class='ocrx_word' id='word_1_289' title='bbox 649 4707 798 4783; x_wconf 82' lang='lat' dir='ltr'>auferat.</span> <span class='ocrx_word' id='word_1_290' title='bbox 817 4707 874 4782; x_wconf 80' lang='lat' dir='ltr'>Ad</span> <span class='ocrx_word' id='word_1_291' title='bbox 891 4733 1053 4816; x_wconf 89' lang='lat' dir='ltr'>summos</span> <span class='ocrx_word' id='word_1_292' title='bbox 1072 4707 1232 4806; x_wconf 89' lang='lat' dir='ltr'>denique</span> <span class='ocrx_word' id='word_1_293' title='bbox 1247 4711 1361 4782; x_wconf 91' lang='lat' dir='ltr'>animi</span> <span class='ocrx_word' id='word_1_294' title='bbox 1382 4707 1498 4780; x_wconf 83' lang='lat' dir='ltr'>nostri</span> 
     </span>
    </p>
   </div>
   <div class='ocr_carea' id='block_1_3' title="bbox 0 0 1698 5458">
    <p class='ocr_par' dir='ltr' id='par_1_4' title="bbox 0 0 1698 5458">
     <span class='ocr_line' id='line_1_38' title="bbox 0 0 1698 5458; baseline 0 4"><span class='ocrx_word' id='word_1_295' title='bbox 0 0 1698 5458; x_wconf 95' lang='lat' dir='ltr'> </span> 
     </span>
    </p>
   </div>
  </div>
 </body>
</html>
