3416 5460
708 581 747 594 -.
769 559 808 628 59
835 581 866 595 ..-

172 732 320 807 operam
337 733 382 780 ne
403 703 546 779 illorum
566 705 728 779 ardorem
749 706 856 780 simul
880 719 915 780 et
931 705 1187 779 liberalitatem
1212 701 1396 804 extemplo

168 828 391 920 exstinguat.
418 823 617 918 Chirurgos
641 835 768 896 contra
788 821 824 895 in
844 822 1050 920 exemplum
1072 825 1225 894 assumit
1241 823 1303 920 qui
1321 815 1392 920 pri·

171 963 270 1013 mum
291 937 440 1012 vulnera
455 936 681 1010 atrocissima
698 937 811 1010 videri
829 937 1010 1010 affirmant
1030 951 1064 1010 et
1092 937 1262 1012 remediis
1281 958 1393 1034 quarn

170 1057 356 1128 lenissime
381 1066 539 1126 utuntur.
562 1053 760 1152 Juvenisne
786 1068 907 1126 autem
929 1051 1073 1125 adeam
1093 1051 1249 1126 decurrit
1273 1051 1396 1122 omnis

169 1196 278 1246 morae
305 1171 500 1266 impatiens
528 1181 563 1241 et
596 1167 796 1242 obstaculis
828 1198 846 1237 «
877 1167 972 1241 velut
1001 1182 1124 1242 taurus
1147 1164 1352 1240 calcaribus
1379 1200 1394 1232 >2

170 1285 328 1358 effrenus
342 1297 377 1356 et
392 1284 527 1356 ferox?
561 1284 674 1356 Cavet
702 1283 890 1357 Celestina
913 1309 959 1356 ne
986 1309 1080 1382 saepe
1111 1281 1274 1380 repulsus
1297 1303 1398 1352 amor

171 1398 402 1488 relentescat,
429 1414 464 1470 et
498 1401 709 1495 perniciosae
742 1397 851 1470 febris
877 1402 1051 1494 impetum
1086 1421 1195 1494 quam
1222 1395 1398 1470 citissime

170 1513 349 1588 discutere
376 1529 528 1606 conatur
548 1529 585 1586 ut
605 1539 685 1585 earn
719 1513 854 1586 laetitiae
879 1517 1060 1610 impotens
1097 1513 1238 1610 juvenis
1267 1509 1398 1584 subitis

171 1656 239 1704 nec
258 1633 477 1727 computatis
493 1633 650 1726 praemiis
670 1647 785 1701 ornet.
807 1628 883 1709 Sic.
906 1633 1015 1702 variis
1045 1654 1187 1728 semper
1217 1626 1399 1702 machinis

171 1749 401 1832 intermixtis,
438 1744 525 1817 dum
555 1745 795 1840 cupiditatem
813 1744 877 1816 illa
896 1769 998 1817 suam
1019 1770 1161 1842 semper
1179 1742 1311 1840 profert
1332 1767 1398 1814 nec

170 1885 335 1958 unquam
366 1875 538 1946 ostentat,
577 1864 774 1933 maximam
806 1860 876 1932 sibi
905 1859 1015 1932 fidem
1042 1859 1130 1932 facit
1158 1873 1195 1932 et
1223 1859 1268 1930 ad
1302 1859 1398 1930 viros

170 1974 323 2073 quaestui
340 1975 530 2049 habendos
550 2001 660 2073 quarn
677 1975 870 2072 plurimum
900 1975 1009 2048 valet.
1040 1975 1117 2048 Nec
1139 1977 1315 2048 minorem
1351 1969 1398 2042 ad

173 2090 342 2165 mulieres
357 2091 426 2162 sibi
443 2091 698 2164 conciliandas
727 2091 910 2165 solertiam
943 2091 1106 2164 adhibet.
1126 2091 1279 2188 Semper
1297 2090 1397 2161 enim

173 2235 214 2282 se
233 2206 339 2280 offert
358 2232 432 2306 quo
446 2233 532 2280 usus
552 2232 667 2305 operae
687 2212 748 2296 sit,
769 2223 805 2281 et
823 2212 1007 2282 sexcentis
1020 2207 1188 2281 mulieres
1208 2203 1399 2279 beneficiis

176 2321 288 2395 afficit
302 2349 382 2420 quae
397 2327 483 2396 viris
503 2324 845 2413 minimavidentur',
865 2325 918 2396 eis
933 2349 1017 2398 vero
1038 2327 1199 2398 maxima
1218 2325 1398 2394 aestiman-

103 2422 112 2438 ’
175 2453 248 2538 ϊυτ,
278 2439 411 2512 Nonne
441 2439 572 2512 multas
602 2441 805 2514 medicinas
838 2440 936 2514 novit
970 2467 1061 2540 quae,
1100 2465 1182 2513 curn
1210 2439 1397 2538 egregium

176 2558 317 2652 corpori
333 2554 490 2628 colorem
507 2555 749 2653 suppeditent,
785 2581 894 2654 quarn
919 2554 1187 2654 pretiosissimae
1219 2549 1399 2652 habendae

175 2683 261 2741 sunt
281 2671 383 2743 lVix
409 2683 530 2743 autern
561 2671 711 2743 domum
736 2670 946 2768 ingreditur,
972 2669 1098 2768 etjam
1123 2667 1192 2742 sibi
1212 2667 1320 2742 fidem
1348 2669 1400 2738 ita

176 2783 261 2857 facit
282 2799 320 2857 ut
340 2789 373 2856 ei
392 2811 476 2858 mox
489 2785 633 2858 occulta
653 2785 860 2860 credantur.
884 2786 961 2860 Nec
981 2811 1063 2859 earn
1090 2783 1290 2882 percellunt
1320 2808 1400 2880 quae

176 2904 305 2973 ceteris
324 2899 555 2974 formidinem
575 2901 780 2999 injicerent,
806 2901 939 2976 nedum
963 2916 1147 2976 matronas
1174 2898 1229 2972 vel
1260 2898 1403 2972 nobiles

176 3015 318 3114 puellas
337 3029 476 3089 tentare
506 3016 650 3090 dubitet
671 3044 763 3116 quas
783 3044 878 3116 saepe
899 3045 973 3116 quo
993 3022 1148 3116 primum
1180 3017 1404 3112 arrogantio-

177 3157 246 3222 res,
269 3157 314 3203 eo
334 3131 466 3204 deinde
483 3131 699 3205 humiliores
715 3137 842 3206 sensit.
862 3135 954 3226 Quae
981 3148 1139 3206 ceterum
1161 3129 1290 3204 mulier
1308 3130 1404 3204 lenae

179 3245 231 3318 illi
251 3248 393 3318 resistat
404 3273 483 3343 quae
497 3246 686 3320 mulierum
703 3263 829 3344 pectus
844 3251 949 3346 quasi
966 3263 1130 3345 apertum
1159 3248 1260 3320 videt
1274 3249 1291 3320 l
1307 3245 1405 3339 Quid

179 3365 276 3434 enim
312 3365 351 3433 in
388 3365 442 3433 eis
471 3363 701 3435 imbecillum
731 3368 778 3436 sit
812 3390 880 3436 nec
916 3363 1105 3437 Celestina
1126 3367 1271 3462 ignorat
1303 3376 1338 3434 et
1370 3359 1408 3434 id

180 3476 364 3550 subtiliter
385 3491 535 3564 tractat,
559 3481 635 3550 sive
649 3503 712 3551 eas
734 3484 891 3576 pecunia
912 3479 966 3552 vel
994 3477 1189 3576 voluptate,
1213 3481 1289 3551 sive
1305 3481 1409 3550 mise·

180 3592 337 3665 ricordia
352 3607 555 3690 oppugnat.
1193 3595 1195 3603 ’

232 3709 286 3780 Ita
308 3708 348 3784 fit
370 3723 408 3780 ut
433 3713 603 3782 omniurn
628 3709 818 3784 hominum
841 3724 990 3784 naturas
1009 3723 1230 3811 perscrutata
1255 3710 1410 3796 nullum,

181 3826 212 3894 si
229 3823 316 3895 data
335 3838 390 3897 est
409 3828 567 3912 occasio,
598 3825 874 3924 depravandum
910 3841 1063 3902 recuset.
1093 3827 1239 3922 Quibus
1258 3830 1412 3924 primum
1454 3853 1460 3864 ·

181 3937 347 4010 artificiis
363 3939 631 4012 Parmenonem
659 3946 899 4016 circumvenit
920 3947 982 4042 qui
1010 3943 1277 4040 imprudentem
1298 3940 1412 4016 Calis-

179 4065 256 4124 tum
272 4057 362 4126 tueri
390 4056 562 4127 conaturl
587 4057 672 4150 Qua
697 4059 871 4132 simulata
900 4063 1077 4132 comitate
1105 4057 1242 4132 famulo
1285 4056 1413 4131 suadet

181 4183 221 4241 ut
241 4168 288 4240 ab
320 4171 465 4266 ingrato
485 4169 637 4244 domino
663 4172 824 4262 deficiat,
850 4178 925 4248 suis
945 4189 1067 4249 autern
1083 4173 1287 4248 commodis
1303 4178 1414 4247 inser·

181 4285 283 4356 viatl
308 4284 429 4377 Quam
463 4285 624 4385 denique
665 4291 703 4360 in
736 4289 813 4387 ejus
847 4293 972 4363 animo
1004 4289 1195 4362 libidinem
1227 4303 1348 4362 movet
1375 4303 1414 4362 ut

182 4423 264 4470 eum
293 4399 439 4472 Areusae
478 4401 710 4496 possidendae
753 4430 816 4501 spe
853 4419 968 4478 totum
1008 4429 1112 4477 suum
1146 4403 1278 4477 faciat!
1323 4407 1407 4498 Quo

181 4515 367 4587 Parmeno
383 4515 491 4587 modo
516 4517 646 4590 vetulae
674 4517 810 4593 diutius
835 4521 1027 4594 obsisteret
1060 4546 1140 4618 quae
1160 4518 1346 4618 quondam
1368 4521 1407 4589 in

182 4629 471 4704 familiaritatem
495 4636 618 4705 matris
638 4639 782 4730 penitus
804 4640 949 4710 intravit
976 4651 1012 4709 et
1032 4664 1129 4710 nune
1149 4639 1276 4707 amicae
1296 4632 1404 4707 Clau·

183 4743 404 4819 dinaefilium
415 4750 557 4820 sincero
574 4756 874 4848 amoreprosequi
892 4751 1100 4849 profitetur?
1112 4749 1299 4826 Celestina
1310 4748 1408 4849 quod
