3416 5460
887 386 1048 450 ..18-

353 552 473 647 sagire
488 552 603 648 possit
622 575 708 646 quae
728 547 846 623 lutura
871 561 992 622 essent
1018 574 1128 647 opera
1147 548 1210 624 illa
1240 577 1259 618 «
1275 560 1379 625 autos
1402 581 1421 622 »
1435 577 1575 649 cogno·

353 669 493 739 minata
508 678 543 739 et
562 692 585 738 a
598 664 706 740 Mira
720 668 763 738 de
780 666 958 740 Amescua
977 677 1012 739 et
1028 664 1234 740 Calderone
1247 669 1476 766 composita?

401 783 497 856 Sunt
515 794 551 856 et
571 781 675 880 hujus
695 781 866 880 temporis
879 785 1044 855 carmina
1060 781 1231 881 quaedam
1247 810 1345 883 quae,
1364 787 1431 857 etsi
1448 809 1573 882 quem-

349 897 436 970 dam
453 897 641 996 dialogum
662 898 863 986 continent,
895 901 1028 971 rectius
1052 897 1174 997 lyricis
1197 925 1308 996 quam
1328 925 1451 974 scenae
1477 905 1574 973 natis

348 1013 455 1087 rebus
475 1013 674 1088 adscribas.
706 1016 800 1088 Haec
830 1040 851 1086 a
881 1027 1029 1088 cantore
1062 1039 1137 1088 non
1167 1017 1247 1088 sine
1275 1019 1387 1091 totius
1412 1020 1573 1114 corporis

348 1143 449 1204 motu
476 1156 558 1205 curn
585 1135 821 1205 recitarentur
853 1157 928 1204 non
962 1132 1098 1204 idcirco
1136 1135 1364 1229 aequiparare
1408 1132 1571 1230 prologis

348 1271 495 1345 aequum
510 1258 574 1337 est,
600 1247 758 1354 quando,
778 1247 846 1320 sub
865 1246 1086 1345 temporibus
1104 1259 1246 1321 tantum
1267 1248 1398 1346 quibus
1417 1249 1509 1347 [ope
1529 1251 1572 1322 de

349 1365 476 1436 Rueda
490 1363 652 1461 vigebat,
674 1363 744 1437 hoc
763 1363 935 1436 carminis
949 1388 1067 1461 genus
1091 1363 1200 1460 vulgo
1230 1393 1248 1433 ‹<
1271 1391 1434 1438 romance
1455 1395 1474 1435 »
1496 1365 1569 1438 dic·

347 1492 423 1552 tum
439 1479 610 1576 prologus
638 1479 706 1569 vel,
743 1484 773 1552 si
808 1482 859 1553 uti
889 1483 1032 1576 proprio
1052 1479 1233 1554 vocabulo
1263 1479 1357 1570 licet,
1380 1509 1398 1549 «
1423 1483 1477 1555 loa
1497 1493 1571 1555 »et

272 1587 274 1592 ¹
346 1599 413 1670 erit
431 1609 466 1670 et
486 1595 739 1693 appellabitur.
773 1598 814 1668 ln
835 1595 1008 1692 'operibus
1030 1622 1052 1668 a
1074 1598 1235 1672 Gamala
1253 1599 1296 1669 de
1313 1599 1446 1671 Berceo
1472 1624 1568 1671 conr·

343 1712 471 1810 positis
510 1725 657 1786 cantum
692 1712 887 1810 quemdam
923 1715 1129 1786 invenimus
1170 1738 1281 1810 quern
1309 1712 1486 1789 satellites
1520 1713 1567 1786 ad

342 1833 460 1902 sancti
478 1828 657 1926 sepulchri
678 1828 881 1902 custodiam
897 1831 1081 1925 praepositi
1102 1828 1274 1917 edebant,
1304 1833 1379 1926 qui,
1398 1833 1465 1902 etsi
1487 1855 1569 1926 pars

342 1943 531 2042 cujusdam
548 1943 624 2017 ludi
652 1947 788 2016 scenici
810 1943 855 2014 ad
877 1942 1132 2016 celebrandam
1168 1944 1381 2041 religionem
1409 1944 1563 2018 adhibiti

339 2087 418 2134 esse
446 2059 599 2149 videtur,
633 2071 757 2132 tamen
785 2084 859 2131 non
895 2057 1047 2131 multum
1077 2063 1234 2156 pertinet
1255 2059 1301 2132 ad
1323 2060 1419 2134 hane
1454 2086 1564 2158 quam

339 2180 521 2274 agitamus
535 2179 794 2273 quaestionem,
809 2173 948 2246 scilicet
961 2173 1006 2246 de
1023 2173 1254 2248 informando
1266 2175 1362 2273 apud
1377 2176 1565 2272 Hispanos

339 2292 493 2366 theatro.
534 2291 612 2364 Nec
627 2290 708 2388 plus
728 2289 774 2364 ad
802 2289 970 2362 eumdem
998 2289 1108 2362 finem
1136 2289 1259 2363 valent
1280 2295 1355 2364 sive
1372 2290 1520 2388 Dialogi
1542 2318 1565 2364 a

340 2408 610 2506 Compostelano
637 2409 771 2502 scripti,
791 2409 867 2478 sive
890 2407 947 2478 El
971 2406 1090 2478 Duelo
1104 2408 1147 2478 de
1164 2406 1204 2478 -la
1236 2407 1269 2478 V
1267 2404 1374 2505 z'rgen
1390 2433 1412 2480 a
1431 2407 1564 2480 Berceo

338 2525 578 2620 compositus;
602 2521 700 2620 quod
716 2521 862 2620 quidem
875 2521 1024 2618 Judaeus
1039 2519 1136 2594 Rabi
1144 2523 1211 2593 don
1228 2521 1387 2595 Santode
1399 2524 1563 2596 Carrion

336 2642 523 2736 scripsisse
556 2637 694 2729 dicunt,
718 2636 858 2712 scilicet
873 2635 974 2708 illam
997 2666 1013 2704 «
1038 2637 1172 2710 Danaa
1193 2639 1236 2708 de
1254 2637 1289 2709 lo
1308 2638 1454 2710 Muerte
1470 2669 1503 2729 »,
1524 2638 1562 2710 id

335 2754 474 2852 aliquid
499 2753 667 2828 utilitatis
700 2764 827 2850 postea
846 2765 989 2826 tantum
1010 2751 1180 2826 habuisse
1199 2753 1350 2826 videtur.
1371 2753 1438 2828 Vel
1460 2755 1559 2854 apud

328 2883 459 2968 'poetas
478 2872 616 2944 Puerto
636 2873 798 2942 Currere
812 2882 848 2942 et
867 2871 1067 2966 praesertim
1082 2871 1120 2941 E
1121 2868 1255 2960 scriva,
1273 2872 1416 2942 etiamsi
1430 2869 1556 2944 adum·

331 2986 434 3059 brata
454 2985 626 3085 quaedam
655 2984 780 3057 fabula
812 2988 1018 3058 inveniatur
1038 2989 1076 3056 in
1110 3011 1183 3082 qua
1214 2985 1327 3058 Amor
1345 2997 1381 3058 et
1401 2985 1494 3084 Spes
1520 2999 1558 3060 et

330 3101 503 3201 quaedam
519 3101 604 3175 aliae
635 3125 782 3200 &trappa
801 3126 865 3198 pro
880 3104 1044 3198 personis
1072 3100 1303 3190 adhibentur,
1329 3101 1420 3174 nihil
1455 3102 1556 3176 aliud

329 3219 400 3292 nisi
421 3218 491 3292 loci
509 3241 722 3292 communes
741 3230 827 3290 sunt
857 3216 957 3290 nulla
973 3243 1010 3290 re
1041 3217 1236 3290 dissimiles
1258 3218 1314 3290 his
1339 3216 1472 3315 quibus
1498 3223 1553 3292 uti

330 3335 449 3409 solent
463 3334 565 3433 lyrici
587 3337 700 3408 nostri
726 3360 746 3407 e
779 3333 1011 3407 Narbonensi
1033 3337 1224 3432 provincia
1242 3338 1359 3432 priore
1388 3346 1552 3433 tempore

330 3451 411 3526 orti.
1446 3525 1448 3529 ,

379 3569 472 3640 Haec
487 3566 617 3640 eadem
637 3565 700 3640 sed
717 3589 799 3640 cum
811 3565 969 3663 quodam
986 3565 1151 3639 molliore
1166 3565 1286 3664 lepore
1301 3549 1406 3644 refert
1431 3565 1553 3639 bellis·
1605 3645 1611 3654 ,

327 3689 440 3758 simus
460 3682 522 3755 ille
541 3682 721 3784 Dialogus
750 3709 771 3754 a
791 3681 956 3781 Rodrz'go
974 3684 1017 3754 de
1037 3685 1127 3756 Coto
1160 3681 1312 3780 scriptus
1344 3716 1351 3754 :
1389 3685 1427 3753 in
1449 3681 1554 3756 horto

327 3825 435 3898 quem
456 3799 509 3873 sol
529 3798 665 3873 exussit
684 3799 746 3872 ubi
761 3799 891 3872 domus
911 3823 1021 3896 quam
1038 3797 1184 3872 Gaudia
1198 3825 1294 3872 vana
1314 3797 1545 3872 incoluerant

301 3929 444 4014 putres
473 3925 633 3988 ostentat
666 3919 801 4004 ruinaS,
839 3914 907 3989 sub
934 3909 1242 4011 paupere'casula
1271 3926 1418 3988 aetatem
1448 3913 1549 4011 degit

321 4058 433 4105 senex
450 4031 614 4129 quidam,
633 4035 691 4106 cui
712 4031 834 4106 subito
855 4032 968 4104 Amor
986 4030 1026 4102 tit
1046 4029 1185 4104 obvius.
1216 4033 1257 4104 ln
1292 4031 1389 4104 hunc
1422 4033 1547 4103 statim

319 4147 461 4220 tumido
500 4173 560 4220 ore
593 4147 775 4221 invehitur
818 4147 942 4220 Senex
992 4173 1150 4244 quaeque
1201 4146 1299 4219 mala
1348 4145 1404 4221 vel
1458 4145 1544 4218 laci·

319 4289 453 4338 norosa
471 4263 585 4337 edunt
616 4266 678 4360 qui
696 4265 821 4336 Amori
842 4266 1043 4336 inserviunt
1062 4262 1265 4358 exprobrat.
1299 4263 1367 4336 Cui
1391 4260 1541 4358 quidem

319 4380 400 4453 haec
420 4391 456 4453 et
483 4379 573 4452 talia
597 4378 749 4476 jactanti
781 4380 894 4452 Amor
919 4383 957 4450 in
986 4378 1241 4474 respondendo
1257 4377 1414 4451 ostendit
1431 4402 1543 4474 quam

316 4501 363 4572 sit
381 4522 447 4570 sua
467 4495 579 4593 ipsius
595 4500 633 4567 in
646 4495 841 4568 domandis
861 4494 1032 4568 omnibus
1052 4495 1304 4568 animantibus
1319 4483 1394 4567 sive
1409 4505 1542 4566 terram

315 4613 390 4690 sive
416 4637 567 4714 aequora
585 4615 662 4686 slve
691 4637 776 4697 aera
795 4610 1042 4686 incolentibus
1072 4613 1210 4686 invicta
1229 4623 1414 4709 potestas;
1450 4611 1544 4708 quin
