3416 5460
772 407 970 488 .“'²⁰‘'

283 571 347 650 per
363 551 499 652 figuras
513 565 680 652 agantur,
701 579 724 628 a
739 553 882 651 legibus
901 553 1056 628 scenicis
1072 555 1265 630 dissentire
1283 555 1359 654 jure
1383 557 1504 635 dicen·

283 667 368 742 dum
398 682 492 752 est:
530 695 621 767 quas
641 669 776 766 figuras
808 697 883 744 non
904 675 1002 768 prius
1021 675 1192 746 omittent
1223 673 1360 771 dialogi
1393 703 1502 806 quam

284 784 476 860 Celestzna
502 785 600 862 claro
619 811 685 859 suo
711 788 877 885 exemplo
903 801 1068 862 auctores
1093 788 1255 864 docuerit
1242 803 1313 866 tut
1333 795 1378 864 iis
1398 793 1503 866 vanis

282 929 350 978 nec
369 903 416 976 ad
440 903 551 977 finem
585 907 746 1001 proposit
747 930 821 996 um,
850 909 879 980 si
907 906 954 978 ad
987 905 1088 979 tthea
1074 918 1168 980 trum
1196 913 1382 1007 respicias
1406 915 1501 1007 aptis

280 1017 388 1093 rebus
405 1031 580 1092 carerent

332 1134 491 1210 Fabulas
505 1162 525 1210 e
541 1135 720 1234 religione
739 1149 836 1210 ortas
862 1149 947 1212 ante
912 1137 1200 1212 tFernandum
1229 1140 1273 1211 de
1292 1140 1407 1241 Rojas
1433 1115 1501 1240 pri-

281 1275 361 1324 mus
375 1263 430 1325 est
448 1252 557 1351 Juan
589 1253 652 1326 del
675 1251 825 1326 Encr'na
840 1257 901 1350 qui
923 1253 971 1326 ad
995 1278 1051 1326 res
1073 1255 1253 1330 humanas
1273 1255 1498 1354 effingendas

280 1366 514 1442 transtulerit.
555 1369 698 1444 Primus
728 1395 874 1467 quoque
895 1369 966 1442 dici
982 1383 1100 1467 potest
1116 1376 1177 1468 qui
1198 1398 1283 1468 quae
1305 1373 1498 1472 lyricorum
1570 1404 1574 1410 ·

279 1495 465 1578 poetarum
482 1495 545 1558 aut
564 1483 682 1582 plebis
697 1489 841 1582 propria
870 1499 979 1558 antea
1011 1495 1133 1566 esseut
1160 1487 1318 1585 dialogis
1337 1493 1500 1565 incitatis

279 1610 316 1671 et
341 1599 498 1674 amoenis
514 1605 695 1674 ornaverit
728 1601 796 1698 (ι).
821 1604 947 1698 ltaque
978 1601 1074 1675 hunc
1096 1601 1352 1700 Hispaniensis
1367 1607 1497 1684 theatri

279 1714 385 1789 initia
399 1716 542 1790 dedisse
558 1721 596 1790 in
612 1743 679 1792 sua
698 1717 797 1790 illa«
818 1719 889 1792 Lea
904 1721 947 1791 de
967 1720 1002 1790 la
1023 1719 1198 1792 Comedz'u
1215 1751 1233 1792 »
1257 1724 1311 1817 (2)
1329 1723 1498 1823 Agustz'n

277 1835 320 1905 de
338 1832 453 1932 Rojas
472 1832 669 1930 profitetur.
700 1833 785 1908 Non
805 1847 928 1907 tamen
946 1839 984 1906 in
1004 1835 1189 1932 publicum
1205 1862 1313 1933 opera
1333 1863 1399 1912 sua
1418 1866 1496 1936 pro·

276 1949 369 2040 tulit,
388 1949 452 2024 sed
466 1953 565 2024 intra
574 1949 729 2048 parietes
751 1977 833 2024 eum
863 1950 967 2025 ducis
991 1950 1149 2041 Albani,'
1170 1967 1245 2028 tum
1266 1959 1375 2032 etiam
1393 1957 1496 2030 Prin-

276 2069 368 2162 cipis
385 2067 469 2139 Dim
481 2067 606 2166 Juan‚
628 2065 699 2140 illis
715 2070 864 2164 privatis
877 2068 1028 2142 theatris
1043 2081 1248 2158 contentus,
1274 2097 1349 2144 non
1375 2072 1495 2148 adhuc

273 2207 376 2256 veras
404 2181 460 2256 vel
498 2210 518 2256 e
545 2195 675 2256 natura
702 2207 889 2280 expressas
927 2185 1130 2258 comoedias
1156 2185 1271 2276 edidit
1298 2187 1361 2260 sed
1377 2193 1496 2286 potius

273 2303 416 2372 semina
436 2299 608 2398 quaedam
625 2310 688 2374 aut
701 2301 854 2397 primam
870 2312 906 2373 et
923 2301 1169 2397 imperfectam
1185 2303 1380 2378 comoediae
1407 2309 1494 2382 ima·

272 2419 415 2513 ginem.

323 2532 440 2631 Hujus
459 2545 579 2630 poetae
598 2535 711 2606 vitam
731 2535 826 2604 intra
845 2531 912 2604 tria
932 2531 1049 2630 spatia
1073 2533 1278 2640 describere
1308 2536 1402 2633 potis
1424 2551 1491 2616 est.

273 2647 389 2720 Natus
412 2661 474 2721 aut
489 2652 527 2720 in
540 2647 775 2721 Salmantina
794 2649 944 2721 civitate
956 2661 1017 2721 aut
1033 2651 1072 2720 in
1087 2647 1297 2724 suburbano
1312 2651 1440 2726 litteris
1458 2666 1494 2727 et

270 2762 470 2861 theologiae
486 2767 525 2836 in
540 2763 604 2836 illa
619 2767 699 2861 ipsa
713 2762 800 2836 urbe
817 2788 964 2859 operam
985 2763 1101 2836 dedit.
1126 2764 1412 2866 Quatuordecim
1430 2773 1490 2844 vix

270 2903 389 2953 annos
402 2886 516 2954 'natus
544 2878 708 2952 versibus
741 2877 958 2975 indulgebat
981 2893 1016 2952 et
1036 2883 1096 2952 vix
1125 2885 1287 2980 quinque
1307 2896 1343 2956 et
1362 2883 1492 2980 viginti

270 3023 389 3070 annos
408 3022 573 3095 egressus
592 2997 664 3070 lere
680 2999 806 3070 omnia
831 3001 995 3070 carmina
1014 3023 1099 3095 quae
1124 3001 1162 3070 in
1183 3025 1248 3072 suo
1269 3003 1302 3074 C
1302 3002 1492 3077 ancz'onero

269 3125 456 3188 versantur
474 3113 682 3188 absolverat
704 3145 712 3203 ;
736 3116 773 3184 in
794 3139 866 3210 quo
886 3126 971 3186 sunt
986 3140 1068 3186 cum
1089 3139 1192 3188 sacra
1213 3131 1383 3212 poemata
1404 3145 1489 3216 quae

269 3255 405 3304 meram
432 3255 500 3303 nec
520 3229 729 3304 simulatam
764 3228 979 3325 religionem
1005 3229 1181 3320 redolent,
1215 3244 1291 3306 tum
1322 3233 1487 3330 prolana,

267 3345 401 3444 quibus
411 3357 447 3419 et
461 3349 645 3443 ingenuus
660 3344 763 3442 lepos
777 3358 813 3418 et
832 3344 984 3442 elegans
997 3351 1117 3442 gratia
1138 3373 1213 3418 non
1229 3347 1374 3424 desunt.
1394 3351 1491 3424 Peri·

265 3474 323 3536 tus
350 3465 509 3536 musicus
536 3474 572 3535 et
605 3471 712 3559 poeta
745 3460 878 3558 lyricus
911 3462 1003 3536 duas
1041 3462 1124 3536 illas
1148 3476 1244 3538 artes
1271 3467 1376 3539 simul
1407 3493 1489 3542 cum

265 3577 407 3668 coleret,
433 3581 667 3675 antiquorum
704 3575 859 3672 vestigia
887 3589 923 3649 et
941 3581 1141 3674 praesertim
1176 3577 1318 3652 illorum
1353 3582 1488 3656 fidibus

265 3693 469 3768 deditorum
503 3717 572 3790 poe
574 3704 691 3765 tarum
734 3717 826 3789 quos
859 3692 1061 3766 meridiana
1094 3718 1176 3789 pars
1209 3695 1368 3770 Galliaae
1404 3699 1488 3772 tulit

264 3823 365 3884 secut
366 3835 409 3884 us
423 3821 526 3897 estu
502 3807 678 3882 utillius<
675 3807 788 3880 <Arte
802 3809 845 3879 de
863 3821 986 3895 poena
998 3809 1228 3882 castellana»
1246 3810 1415 3887 demonst
1401 3827 1485 3889 t.rat

265 3926 455 3999 Hanct
401 3936 455 3999 rat
459 3929 580 3998 ionem
600 3936 636 3997 et
663 3927 760 3998 viam
781 3937 883 3998 secut
885 3951 927 3997 us
947 3949 1038 4022 quas
1066 3937 1129 3998 ant
1131 3951 1174 3998 ea
1115 3925 1275 4000 tillae
1311 3959 1331 3998 ‹<
1353 3932 1449 4028 Copl
1444 3957 1488 4004 us

263 4045 306 4122 de
323 4043 456 4142 Mr'ngo
475 4041 639 4140 Revulgo
661 4071 680 4112 »
706 4053 932 4138 aperuerant,
975 4041 1129 4137 Vergilii
1165 4042 1340 4117 Bucolica
1372 4046 1487 4120 fusius

262 4159 433 4258 explicat,
449 4156 637 4230 nonnullis
651 4156 757 4230 rebus
773 4183 866 4255 quas
880 4181 1043 4254 praesens
1063 4170 1155 4230 aetas
1171 4157 1283 4234 dabat
1299 4162 1483 4236 admixtis

263 4275 358 4347 Tum
370 4299 464 4363 veru,
482 4277 560 4346 sine
571 4272 646 4346 ullo
659 4272 785 4360 dubio,
800 4266 1011 4370 prolessor‘is
1041 4273 1090 4344 D.
1109 4273 1288 4348 Gutr'erre
1301 4279 1345 4349 de
1363 4281 1487 4353 Tuledo

250 4413 330 4487 'ope
345 4393 384 4463 in
400 4388 548 4464 domum
569 4389 673 4462 ducis
697 4387 833 4460 Albani
854 4392 1033 4485 excipitur
1059 4391 1122 4485 qui
1153 4391 1190 4460 in
1213 4397 1485 4469 matrimonium

293 4612 328 4674 (1)
339 4609 381 4660 Cf
399 4611 488 4660 Teatro
500 4611 586 4673 Comp
585 4615 625 4660 eto
638 4611 670 4659 de
681 4607 758 4672 Juan
774 4611 817 4659 del
832 4611 940 4670 Encr'na,
961 4610 1071 4659 Edicion
1091 4611 1123 4658 de
1137 4611 1163 4660 la
1181 4613 1245 4662 Real
1253 4615 1389 4665 Academia
1407 4619 1485 4682 Espa·

237 4726 239 4730 -
261 4693 330 4746 fioa.
341 4690 490 4740 -Madrid
493 4690 583 4755 ‚.1893

293 4774 330 4838 (2)
350 4773 426 4836 Viaje
436 4777 511 4822 entre
512 4773 599 4822 tenido
612 4773 732 4844 (1603).
