3388 5458
793 481 954 546 ..80-

264 671 343 719 esse
371 643 604 742 respondebit
632 669 742 742 quarn
761 641 913 718 florente
933 655 1043 718 aetate
1072 648 1151 717 sine
1178 645 1345 744 scrupulo
1361 644 1427 718 lrui
1447 655 1487 717 et

264 759 485 836 intactafide
498 784 646 856 parvum
667 763 705 832 in
721 764 901 834 immenso
917 760 1095 834 Paradiso
1116 760 1235 842 locum
1251 763 1392 834 mereri.
1414 761 1488 834 Per

263 877 517 976 Purgatorium
546 875 698 948 fortasse
729 879 795 948 iter
819 875 1027 950 laciendum
1055 881 1143 968 erit;
1173 891 1314 952 sanctae
1347 903 1432 952 vero
1449 877 1488 951 e't

264 993 383 1066 beatae
407 1005 541 1066 sunta
566 991 700 1089 quibus
729 991 906 1066 auxilium
923 991 1021 1065 haud
1036 991 1164 1066 irustra
1179 1007 1332 1090 petatur.
1352 993 1488 1066 Nonne

263 1109 382 1182 Maria
419 1109 644 1206 AEgyptiaca
681 1106 923 1182 miserabilem
960 1133 1107 1181 carnem
1137 1135 1239 1182 suam
1278 1109 1487 1183 crucifixit?

263 1223 363 1319 Quid
393 1223 498 1297 refert
527 1249 600 1320 quo
621 1223 729 1296 modo
758 1234 925 1296 cretaceo
955 1238 990 1296 et
1011 1224 1129 1298 lutoso
1154 1247 1302 1322 corpore
1322 1250 1408 1312 usus
1435 1229 1486 1297 sis

262 1345 291 1413 si
321 1342 483 1414 animum
519 1339 717 1412 servaveris
756 1339 923 1436 religioni
963 1340 1200 1413 credentem?
1232 1342 1340 1414 Haud
1379 1339 1489 1440 igitur

261 1455 428 1529 miranda
456 1467 540 1528 sunt
568 1454 698 1529 Eliciae
717 1469 780 1528 aut
800 1456 950 1530 Areusae
970 1456 1079 1538 verba
1099 1469 1136 1529 et
1162 1481 1278 1530 mores
1293 1483 1359 1530 nec
1380 1461 1485 1554 quasi

260 1571 388 1646 dolosa
401 1569 598 1669 judicanda
612 1584 647 1643 et
661 1575 756 1643 inter
765 1595 803 1644 se
817 1575 1011 1644 contraria.
1035 1572 1160 1668 Longe
1175 1573 1280 1646 aliter
1297 1571 1486 1646 Celestina

260 1687 450 1784 religiosas
463 1711 571 1760 voces
590 1698 737 1783 usurpat
757 1684 804 1760 ad
823 1685 967 1760 facilius
994 1685 1085 1761 alios
1106 1687 1345 1784 decipiendos
1372 1687 1484 1784 majo-

261 1828 389 1902 resque
408 1801 477 1876 sibi
498 1814 661 1900 quaestus
697 1800 897 1875 iaciendos.
930 1801 1014 1875 Non
1040 1806 1166 1875 omnia
1194 1816 1318 1886 tamen
1346 1806 1384 1874 in
1408 1802 1486 1900 ejus

260 1919 437 2015 religione
469 1916 561 1992 lalsa
594 1930 678 1992 sunt
704 1931 740 1990 et
759 1918 857 1990 ficta.
892 1919 989 1991 Dum
1023 1922 1122 1990 enim
1160 1921 1273 1992 sociae
1293 1917 1486 1992 Claudinae

259 2033 373 2131 justas
392 2057 522 2130 poenas
543 2046 719 2106 memorat
753 2058 828 2106 non
862 2029 1015 2107 multum
1049 2033 1152 2106 abest
1180 2036 1270 2130 quin
1303 2059 1367 2106 eas
1394 2057 1485 2106 cum

262 2160 458 2247 martyrum
495 2147 716 2222 cruciatibus
743 2152 885 2222 sincero
910 2152 1036 2221 animo
1055 2159 1253 2244 comparet.
1285 2147 1485 2222 Catholicae

259 2268 482 2362 ceteroquinr
501 2263 587 2336 fidei
604 2268 770 2338 virtutem
784 2269 836 2338 ita
859 2265 930 2338 sibi
951 2289 1158 2361 persuasam
1176 2264 1287 2338 habet
1305 2278 1357 2354 ut,
1382 2265 1484 2363 quid-

259 2379 347 2479 quid
378 2379 498 2470 laciat,
532 2379 579 2452 ab
599 2385 699 2452 omni
736 2406 799 2478 spe
827 2396 978 2454 aeternae
1008 2384 1105 2454 vitae
1125 2380 1194 2452 sibi
1216 2380 1387 2478 parandae
1408 2405 1482 2453 non

263 2496 439 2570 discedat.

309 2611 406 2706 Quae
422 2627 504 2684 curn
525 2609 704 2697 audirent,
725 2611 887 2709 Hispani
905 2637 980 2684 non
997 2611 1299 2710 indignabantur.
1318 2612 1372 2684 lta
1384 2613 1482 2684 enim

259 2726 489 2802 familiariter
508 2729 546 2798 in
561 2729 726 2799 omnium
746 2726 931 2800 mentibus
945 2740 982 2800 et
997 2727 1130 2800 animis
1149 2727 1279 2824 religio
1298 2726 1484 2799 insidebat

260 2857 300 2918 ut
315 2840 567 2940 impurissimis
580 2865 654 2915 non
675 2845 796 2915 minus
811 2867 922 2940 quarn
938 2842 1179 2917 nobilissimis
1193 2843 1299 2916 lactis
1320 2855 1356 2915 et
1375 2841 1484 2915 dictis

263 2959 469 3043 inhaereret.
495 2959 628 3032 Nonne
647 2961 757 3054 etiam
779 2957 1030 3033 licentioribus
1044 2958 1269 3060 imaginibus
1280 2959 1483 3056 legitimam

261 3100 409 3150 causam
444 3087 479 3158 et
506 3074 639 3172 justam
677 3077 950 3148 excusationem
979 3074 1165 3164 afferebat,
1191 3101 1274 3148 cum
1303 3075 1424 3148 medio
1445 3079 1483 3146 in

260 3193 348 3266 fimo
364 3193 594 3290 purissimum
621 3194 789 3287 gigneret
807 3188 963 3262 florem?
993 3191 1149 3264 Multum
1183 3195 1294 3287 igitur
1322 3191 1484 3263 moribus

261 3311 294 3382 C
294 3305 488 3380 elestz'nam
509 3306 670 3380 conlerre
689 3307 726 3378 F
725 3308 884 3378 ornando
902 3308 946 3378 de
977 3305 1092 3405 Rojas
1119 3307 1296 3402 praedicat
1320 3305 1483 3405 quando·

260 3421 407 3522 quidem
433 3421 582 3519 juvenes
603 3421 765 3495 lenarum
787 3436 821 3494 et
837 3421 1053 3496 lamulorum
1078 3420 1222 3496 fraudes
1242 3447 1481 3520 amorumque

260 3542 555 3612 inconcessorum
587 3536 750 3610 miserias
795 3541 885 3610 vivis
930 3537 1155 3634 imaginibus
1191 3553 1227 3610 et
1274 3537 1483 3636 insignibus

260 3652 436 3752 exemplis
456 3653 600 3727 doceat.
625 3653 725 3726 Vitia
751 3677 840 3726 sane
861 3653 962 3727 nullo
988 3653 1178 3727 verborum
1198 3668 1377 3751 praetextu
1403 3653 1483 3728 nul·
1537 3650 1542 3656 ’

262 3771 371 3868 laque
391 3769 520 3842 umbra
539 3770 682 3843 celavit.
716 3771 880 3864 Quorum
909 3795 993 3842 vero
1028 3795 1110 3842 cum
1145 3775 1264 3868 magis
1292 3774 1484 3868 magisque

263 3884 480 3960 horrendam
493 3885 605 3958 finem
621 3883 729 3958 nobis
748 3885 998 3975 ostentaverit,
1019 3911 1091 3984 quo
1103 3889 1357 3984 praestantiore
1372 3887 1483 3961 modo

234 4011 238 4021 '
262 4027 330 4076 nos
350 4001 397 4075 ab
416 4005 469 4074 eis
489 4000 709 4075 avertisset?
735 4002 845 4074 Haud
876 4015 973 4074 certe
1000 4006 1130 4075 mirum
1160 4014 1215 4075 est
1253 4001 1481 4075 Celestinam

261 4144 328 4192 sua
346 4141 557 4216 oppressam
573 4116 774 4214 cupiditate
788 4121 903 4216 perire
925 4151 932 4210 ;
968 4118 1041 4208 sed,
1063 4117 1150 4191 dum
1179 4117 1264 4191 lena
1283 4122 1483 4216 corruptrix

261 4259 283 4306 a
316 4246 484 4331 corrupto
502 4232 639 4307 lamulo
662 4233 890 4322 interficitur,
922 4259 995 4332 quo
1030 4233 1237 4308 afficiuntur
1258 4245 1391 4308 terrore
1418 4237 1482 4332 qui

260 4350 462 4448 corniptela
493 4361 529 4423 et
557 4353 791 4448 perversitate
819 4339 1041 4448 pascuntur!
1079 4349 1179 4443 Quid
1211 4349 1310 4448 quod
1336 4348 1484 4424 Calt'sto

259 4465 381 4541 statim
415 4478 525 4564 atque
553 4464 706 4540 delicias
735 4491 819 4540 suas
848 4466 1037 4564 amplexus
1066 4481 1121 4539 est
1148 4470 1377 4564 repentinam
1403 4465 1484 4539 obit
1545 4495 1546 4500 ¹

261 4595 411 4658 mortem
431 4586 490 4656 cui
510 4607 596 4656 mox
614 4581 773 4656 Melz'bea
788 4608 826 4656 se
843 4583 935 4655 ultro
953 4582 1090 4656 offert?
1110 4583 1211 4678 Quid
1232 4583 1386 4656 infirmis
1401 4587 1481 4656 ani-

261 4703 330 4775 mis
349 4701 410 4799 qui
424 4697 689 4797 cupiditatibus
706 4711 835 4797 parent
853 4701 1012 4772 atrocius
1030 4700 1289 4798 proponatur?
1307 4698 1483 4774 Pleberio
1519 4778 1524 4790 ,
