3416 5460
714 523 755 541 ..
775 505 874 604 sp·-

184 654 272 750 quia
290 663 326 725 et
346 654 434 748 ipsis
453 663 507 754 est
528 650 652 749 aliqua
686 649 835 724 honoris
856 676 940 724 cura
968 675 1085 748 quem,
1128 675 1209 724 cum
1229 661 1332 748 aque
1362 675 1405 722 ac

184 770 358 840 matronae
379 766 601 863 superbiant,
633 765 714 838 laedi
750 765 847 840 haud
885 765 991 839 facile
1029 765 1166 840 sinunt.
1208 767 1268 839 Eae
1305 769 1404 839 enim

184 895 270 955 sunt
295 881 428 982 quibus
465 885 642 956 rationem
677 884 761 954 vitae
796 895 833 955 ut
871 907 1000 980 corpus
1036 908 1081 955 ex
1115 906 1263 980 corpore
1303 880 1407 954 alant

184 1005 390 1094 susceptam
406 1022 481 1070 non
497 995 652 1070 libenter
663 995 898 1094 exprobrabis
919 1023 1002 1070 curn
1019 1001 1240 1094 reputaveris
1255 1022 1318 1069 eas
1335 995 1406 1070 hoc

184 1111 329 1185 vivendi
348 1137 466 1210 genus
480 1111 638 1211 quadam
653 1116 820 1209 ingenita
832 1112 1002 1210 superbia
1024 1113 1195 1210 deceptas
1216 1111 1405 1210 amplexas

184 1253 265 1300 esse
285 1253 331 1300 ne
350 1227 541 1301 servilibus
562 1225 690 1300 officiis
702 1226 945 1324 iungerentur,
964 1255 1055 1302 neve
1079 1229 1234 1326 superba
1248 1227 1406 1301 dominae

183 1343 333 1418 fastidia
368 1343 500 1418 ferrent
537 1378 543 1417 :
592 1343 742 1418 liberam
789 1369 908 1442 neque
937 1344 1089 1443 alicujus
1127 1344 1275 1417 arbitrio
1322 1342 1405 1417 sub·

184 1458 449 1557 ditam'degere
466 1464 578 1532 vitam
599 1457 799 1546 voluerunt,
831 1472 866 1532 et
895 1459 1068 1558 quoniam
1090 1459 1191 1533 nullo
1220 1459 1303 1545 alio,
1336 1458 1407 1532 hoc

184 1575 313 1648 saltem
329 1601 402 1674 quo
421 1588 588 1673 poterant
610 1576 730 1663 mod0,
765 1575 859 1647 hanc
888 1579 1082 1672 pretiosam
1103 1575 1306 1648 libertatem
1335 1573 1405 1647 sibi

184 1689 479 1766 vindicaverunt.
516 1690 665 1789 Alioqui
700 1718 818 1790 neque
850 1695 1011 1765 avaritiae
1051 1691 1259 1776 admodum,
1312 1693 1405 1764 sicut

186 1805 368 1880 Plautinae
389 1805 602 1896 meretrices,
625 1806 755 1880 deditae
777 1806 943 1880 videntur
961 1795 1081 1906 neque
1111 1809 1269 1906 praemiis
1289 1804 1405 1878 solum

186 1925 353 1996 animum
374 1923 681 2011 intendunt,.sed,
716 1922 813 2020 quod
835 1949 954 2021 neque
974 1921 1244 2021 aspernandum
1274 1925 1311 1993 in
1334 1919 1407 1992 illis

184 2051 252 2126 est,
288 2041 317 2109 si
352 2062 473 2110 amore
493 2035 646 2135 alicujus
677 2042 928 2115 immorantur.
952 2061 1025 2111 non
1057 2063 1121 2134 spe
1155 2049 1319 2136 quaestus
1341 2033 1406 2108 sed

185 2152 336 2226 amandi
350 2166 491 2227 tantum
507 2154 692 2252 voluptate
707 2153 916 2228 detinentur
935 2187 941 2246 3
959 2158 989 2228 si
1007 2157 1138 2253 saepius
1150 2177 1280 2250 corpus
1299 2175 1404 2225 suum

184 2258 381 2342 emendum
412 2267 448 2342 et
481 2269 681 2342 blanditias
700 2270 871 2359 ‘ve'nales,
911 2283 949 2344 ut
981 2268 1047 2343 lert
1071 2269 1169 2368 quod
1204 2279 1407 2368 sequuntur

184 2381 334 2458 viveridi
349 2410 477 2483 genus,
501 2384 674 2483 praebent,
692 2386 893 2484 aliquando
911 2399 949 2460 et
969 2390 1055 2483 ipsae
1074 2411 1118 2459 ex
1139 2409 1224 2458 arca
1259 2394 1406 2458 sumunt

184 2501 282 2574 unde
310 2505 433 2599 egenti
453 2504 606 2574 amatori
640 2501 881 2600 suppeditent,
907 2500 963 2575 vel
989 2499 1035 2574 ad
1056 2505 1277 2599 pauperiem,
1312 2502 1407 2572 sicut

79 2689 83 2696 ,
185 2615 325 2689 Areusa
358 2643 380 2690 a
413 2617 647 2703 Centurione,
685 2617 732 2689 ab
765 2630 926 2691 amatore
964 2643 1029 2690 suo
1050 2601 1182 2691 adduci
1204 2619 1404 2716 patiuntur.

185 2725 282 2804 Sunt
312 2732 473 2831 ¹denique
505 2731 689 2806 nonnullae
722 2759 802 2830 quae
842 2759 924 2806 cum
954 2757 1035 2806 vere
1069 2745 1105 2806 et
1143 2746 1219 2828 toto
1262 2735 1407 2830 pectore

184 2852 387 2922 amaverint
423 2862 622 2922 amatorem
657 2863 848 2939 mortuum,
892 2863 929 2922 ut
973 2849 1230 2947 Sempronium
1273 2845 1404 2933 Elicia,

186 2961 284 3036 brevi
301 2963 400 3037 luctu
425 2977 702 3062 prosequantur.
735 2967 877 3040 Omnes
897 2989 980 3038 vero
1009 2963 1080 3037 illae
1114 2967 1319 3037 meretrices
1347 2985 1410 3060 per

183 3078 320 3174 gradus
336 3079 534 3178 procedunt
553 3105 644 3178 quos
669 3081 860 3180 ingeniose
889 3082 925 3154 F
925 3082 1083 3154 ernando
1102 3081 1144 3152 de
1172 3079 1286 3178 Rojas
1306 3089 1407 3150 nota·

184 3195 248 3270 vit.
273 3195 418 3268 Areusae
439 3199 537 3268 enim
559 3196 667 3269 modo
687 3201 798 3270 vitam
816 3195 1048 3270 instituentes
1071 3200 1225 3294 primum
1246 3217 1406 3268 amorem

185 3311 317 3386 laedere
346 3312 516 3385 dubitant
547 3339 615 3386 nec
653 3313 832 3411 quidquid
865 3317 903 3384 in
936 3338 976 3386 se
1013 3312 1207 3386 verecundi
1247 3310 1410 3385 habeant

185 3427 388 3524 abjiciunt,
412 3453 496 3502 mox
517 3443 578 3502 aut
595 3429 829 3502 honestarum
853 3429 907 3502 vel
925 3426 1068 3502 utilium
1103 3453 1219 3502 rerum
1253 3429 1424 3500 omnino'
1505 3517 1509 3524 ¹

186 3541 382 3616 iircuriosae
403 3543 507 3616 lactae
538 3547 575 3615 in
608 3544 800 3617 libidinem
819 3543 1067 3633 effunduntur,
1101 3559 1163 3618 aut.
1195 3543 1342 3630 nullius,
1378 3545 1408 3614 si

185 3659 278 3732 ierat
306 3683 394 3748 aera,
431 3664 604 3732 amatoris
637 3659 785 3734 lastidio
822 3659 962 3733 aflectae
1012 3685 1180 3735 nummos
1212 3657 1340 3732 sedulo
1372 3656 1410 3729 in

186 3771 347 3846 loculum
382 3774 577 3847 demittunt
615 3775 712 3847 unde
746 3788 856 3848 aetate
888 3801 1017 3873 graves
1050 3787 1273 3850 senectutem
1303 3798 1407 3847 suam

187 3888 301 3960 alent.
322 3887 379 3961 Ad
399 3913 593 3979 summum,
617 3894 692 3964 sive
711 3890 898 3979 utilitates,
924 3894 999 3964 sive
1020 3890 1168 3963 amandi
1188 3890 1424 3986 voluptatem

185 4017 401 4100 sequuntur,
429 4005 565 4101 prolem
604 3997 828 4102 frequentem
860 4005 1064 4079 habuerunt
1096 4009 1230 4104 quippe
1261 4004 1409 4103 quibus,

186 4146 235 4194 ne
256 4119 375 4217 plures
389 4121 521 4208 dicam,
546 4124 621 4194 sive
642 4120 782 4194 Fenr'sa
812 4121 908 4218 apud
948 4123 1146 4218 Hispanos,
1177 4124 1252 4194 sive
1276 4122 1411 4194 Manon

187 4235 287 4332 apud
309 4233 437 4308 Gallos
458 4249 494 4308 ut
515 4251 613 4309 natae
634 4240 814 4333 assignari
836 4261 941 4332 posse
960 4235 1163 4309 videantur.

237 4351 295 4423 Ex
307 4351 435 4423 eadem
456 4350 582 4424 sobole
604 4349 760 4425 exoritur
787 4351 974 4425 Celestina
1004 4377 1084 4449 quae
1105 4355 1255 4449 ingenio
1287 4351 1411 4426 subtili

189 4481 227 4540 et
248 4465 427 4539 industria
447 4467 619 4562 perdocta
642 4493 751 4564 supra
780 4479 919 4539 ceteras
946 4479 1064 4540 exstat
1093 4480 1128 4541 et
1156 4470 1305 4540 eminet.
1328 4469 1412 4540 Non

192 4581 286 4655 nihil
304 4581 451 4678 quidem
475 4587 574 4655 inea
607 4587 763 4680 reperias
789 4581 886 4680 quod
914 4581 978 4653 tibi
997 4608 1042 4654 ex
1062 4581 1224 4678 antiquis
1251 4581 1412 4655 lontibus

194 4699 369 4778 baustum
389 4696 563 4770 videatur.
588 4699 671 4773 Non
698 4701 796 4772 enim
816 4723 859 4777 ea
888 4696 944 4776 vel
964 4697 1068 4776 aliter
1088 4698 1142 4776 vel
1163 4701 1284 4778 minus
1303 4723 1413 4805 quam
