3416 5460
862 487 1019 552 ..34-

330 633 507 733 gradibus
527 633 701 730 processit
722 647 756 706 et
777 645 1009 730 paenetoturn
1033 647 1208 707 mutatum
1227 647 1292 708 est.
1316 633 1415 706 Nihil
1430 651 1553 710 autern

331 763 386 824 est
413 753 450 822 in
465 753 590 847 ,primo
617 765 701 824 actu
721 748 818 846 quod
835 751 1092 847 antiquitatem
1114 749 1287 824 redoleat.
1311 751 1396 844 Quo
1415 766 1552 826 cetero·

331 868 421 964 quin
454 871 561 937 modo
601 864 815 940 Fernandus
844 879 966 938 noster
1003 869 1169 963 ignorare
1203 865 1319 962 potuit
1352 885 1430 940 uter
1465 893 1551 942 eum

330 983 601 1078 composuerit?
622 979 690 1053 Cui
703 981 839 1054 Alonso
858 983 902 1052 de
922 982 1068 1052 Proasa
1089 985 1139 1052 ita
1166 979 1276 1078 longe
1294 995 1348 1053 est
1367 997 1407 1056 ut
1426 983 1551 1056 credat

330 1109 368 1171 ut
383 1096 459 1196 ejus
480 1100 619 1168 nomini
641 1096 779 1169 nullum
800 1096 899 1169 aliud
922 1095 1147 1192 adjunxerim
1184 1098 1281 1192 quod
1302 1122 1391 1170 sane
1405 1097 1550 1172 lecisset

329 1216 359 1285 si
375 1239 398 1284 a
411 1216 526 1309 priore
542 1213 713 1308 scriptore
731 1211 957 1286 Celestinam
988 1211 1241 1284 adumbratam
1267 1238 1345 1284 csse
1372 1227 1545 1308 putasset.

328 1331 458 1403 Totius
482 1340 603 1401 autem
628 1333 746 1424 operis
765 1355 821 1401 res
844 1328 989 1400 vinculo
1017 1326 1244 1400 strictissimo
1267 1343 1445 1416 tenentur,
1470 1355 1547 1427 per-

327 1470 432 1520 sonae
444 1468 586 1540 semper
597 1443 666 1514 sibi
683 1457 855 1516 constant
870 1459 903 1515 et
919 1445 1043 1515 onmia
1058 1446 1141 1514 sicc
1159 1447 1274 1540 primo
1288 1461 1371 1518 actu
1387 1446 1548 1542 pendent

328 1574 367 1634 ut
386 1561 491 1633 abeo
511 1559 590 1632 solo
609 1559 766 1658 perlecta
782 1585 861 1632 esse
878 1562 1018 1658 possint
1039 1562 1113 1656 qui,
1133 1573 1170 1630 ut
1192 1563 1242 1632 ita
1257 1559 1389 1649 dicam,
1411 1560 1548 1634 arboris

328 1676 426 1750 illius
437 1675 600 1774 plantam
620 1679 753 1773 posuit.

377 1793 479 1886 Quin
506 1790 615 1865 etiam
645 1795 727 1888 quis
760 1789 919 1864 crederet
951 1789 1180 1862 Fernandum
1200 1792 1244 1863 de
1258 1791 1372 1890 Rojas
1390 1795 1544 1890 primurn

326 1923 448 1984 actum
464 1921 703 1981 correcturum
725 1906 833 1978 luisse
863 1909 891 1978 si
915 1930 988 1978 non
1005 1909 1081 2002 ipse
1096 1918 1131 1977 et
1147 1931 1227 1979 eum
1251 1910 1545 2004 composuisset?

326 2027 374 2098 At
394 2029 432 2096 in
458 2022 606 2096 diversis
634 2020 860 2094 editionibus
890 2047 987 2118 quae,
1022 2024 1100 2116 ipso
1129 2025 1283 2110 vivente,
1317 2021 1414 2096 datae
1444 2037 1543 2102 sunt.

326 2145 423 2239 prior
451 2164 532 2236 pars
566 2137 692 2210 eadem
724 2163 767 2210 ac
800 2141 1014 2234 posteriores
1041 2135 1204 2209 libertate
1233 2139 1458 2212 emendatur.
1488 2140 1544 2214 Ne

324 2258 427 2354 plura
443 2253 609 2350 exempla
629 2252 818 2350 proferam,
847 2258 884 2324 in
913 2251 1072 2326 editione
1101 2278 1199 2324 anno
1228 2252 1322 2326 MDl
1349 2258 1386 2326 in
1413 2254 1545 2352 vulgus

323 2379 457 2450 emissa
471 2375 523 2470 (ι)
538 2371 617 2444 baec
635 2370 743 2444 verba
755 2375 961 2443 invenimus
979 2404 986 2442 :
1004 2399 1022 2438 <r
1039 2369 1083 2442 nz'
1095 2379 1172 2442 olro
1182 2371 1293 2468 poder
1305 2370 1361 2442 mi
1372 2372 1549 2444 voluntad

321 2492 480 2563 humana
499 2488 614 2584 puede
638 2484 794 2584 complz'r
818 2517 834 2554 r>
857 2511 942 2582 quae
963 2488 1001 2556 in
1026 2484 1285 2582 posterioribus
1310 2490 1540 2560 omittuntur.

322 2606 455 2683 Nonne
470 2629 513 2676 ea
529 2601 642 2698 Rojas
661 2605 875 2674 servavisset
887 2605 916 2674 si
933 2599 1114 2698 Johannis
1129 2601 1172 2672 de
1183 2601 1293 2674 Mena
1309 2614 1371 2674 aut
1387 2600 1541 2702 Rodrigi

321 2723 365 2793 de
392 2723 424 2794 C
425 2729 481 2792 ota
505 2742 594 2814 opus
621 2729 764 2797 tantum
785 2728 993 2812 persecutus
1013 2717 1139 2788 esset?
1164 2717 1203 2788 ln
1224 2716 1351 2788 eadem
1380 2715 1542 2791 editione

323 2836 450 2934 (MDI)
467 2845 593 2906 neuter
611 2843 799 2928 poetarum
828 2829 968 2904 illorum
999 2828 1150 2927 prologo
1171 2833 1207 2926 l«
1230 2831 1288 2904 El
1303 2833 1422 2905 Autor
1448 2859 1471 2904 a
1496 2859 1543 2906 su

320 2949 490 3050 amigo»)
513 2951 751 3020 nominatur:
775 2972 818 3019 ea
844 2946 961 3018 solum
992 2945 1181 3042 leguntur:
1205 2948 1278 3020 «A
1308 2972 1543 3046 quocumque

233 3053 235 3062 '
322 3065 491 3161 dialogus
518 3062 579 3134 ille
598 3065 752 3158 scriptus
776 3063 847 3146 est,'
865 3059 999 3158 dignus
1018 3075 1070 3134 est
1092 3065 1154 3159 qui
1171 3060 1311 3160 legatur
1329 3068 1413 3155 (bor
1430 3061 1542 3161 quien

321 3181 450 3282 quz'era
468 3205 534 3269 pue
547 3183 667 3276 fuera,
686 3176 850 3277 esdz'gno
867 3179 910 3248 de
925 3177 1126 3250 recordable
1141 3176 1331 3272 memoria)
1351 3209 1383 3250 >›.
1405 3180 1541 3254 Postea

321 3301 430 3396 igitur
443 3293 559 3368 solum
576 3292 757 3392 Johannis
769 3307 803 3366 et
823 3292 977 3389 Rodrigi
995 3292 1136 3366 illorum
1155 3297 1308 3366 nomina
1326 3293 1541 3368 Fernandus

319 3425 441 3486 noster
466 3411 651 3506 usurpavit
688 3421 726 3480 ut
757 3407 1010 3481 verisimiliora
1049 3407 1168 3480 dicere
1208 3406 1399 3483 videretur.
1439 3409 1538 3482 ldern

319 3528 479 3626 denique
498 3523 669 3622 prologus
695 3549 794 3596 anno
814 3523 908 3596 MDl
937 3522 1092 3620 scriptus
1122 3527 1174 3596 sic
1202 3522 1415 3597 clauditur:
1446 3555 1465 3593 a
1490 3526 1539 3598 Ut

318 3644 448 3720 melius
474 3667 546 3737 quo
566 3640 647 3712 loco
667 3643 793 3736 prioris
808 3643 966 3712 auctoris
986 3639 1095 3713 verba
1113 3640 1296 3730 desinant,
1319 3667 1393 3739 quo
1413 3653 1537 3715 autern

318 3758 466 3858 ineptiae
488 3783 580 3829 rneae
614 3755 794 3853 incipiant
824 3755 1116 3852 dignoscendum
1150 3759 1209 3848 sit,
1233 3760 1380 3853 signum
1411 3769 1466 3829 est
1499 3759 1538 3828 in

319 3879 483 3972 margine
503 3871 600 3970 quod
621 3872 752 3946 litterae
768 3872 803 3944 X
821 3871 975 3968 figuram
987 3871 1120 3968 accipit
1135 3881 1171 3944 et
1184 3875 1290 3971 primi
1307 3885 1410 3946 actus
1425 3870 1536 3946 finem

318 3993 501 4087 designat.
524 3987 616 4061 Vale
638 4017 656 4056 »
672 3987 740 4084 (2).
763 3987 987 4060 Promissum
1007 3999 1128 4061 autem
1145 3986 1234 4060 illud
1250 3989 1397 4085 signum
1409 3985 1539 4061 frustra

318 4105 484 4207 quaesivi.
515 4103 613 4196 Quid
639 4128 726 4200 ergo
754 4115 807 4176 est
841 4101 890 4175 rei
911 4106 980 4175 nisi
1000 4114 1087 4177 tunc
1118 4101 1351 4179 Fernandum
1367 4085 1537 4178 'nondum

346 4398 381 4459 (r)
391 4393 476 4459 Quam
491 4390 630 4441 editionem
644 4389 670 4438 in
685 4388 787 4454 publica
801 4397 826 4440 et
839 4387 974 4440 Parisiensi
994 4387 1150 4440 bibliotheca
1161 4389 1282 4440 inveniet
1301 4388 1367 4441 inira
1380 4389 1536 4442 describam.

315 4504 346 4515 -
362 4475 402 4526 Cl.
416 4475 463 4523 lia
475 4488 521 4521 sec.
534 4478 586 4532 cap.
605 4474 664 4519 tert.

347 4563 384 4620 (2)
401 4570 415 4603 r
430 4555 454 4603 Y
468 4569 564 4619 porque
591 4565 737 4616 conozcays
764 4549 850 4600 donde
868 4549 1021 4616 comienpan
1041 4549 1089 4600 mis
1110 4548 1422 4618 maldoladasmonesy
1438 4550 1537 4602 asaban

315 4637 353 4685 las
365 4635 407 4684 del
419 4633 524 4700 antiguo
538 4639 609 4682 autor
626 4647 632 4684 :
653 4647 685 4680 en
698 4630 724 4680 la
738 4646 845 4697 margon
861 4631 991 4697 hallareys
1007 4646 1058 4680 una
1069 4646 1127 4681 cruz
1142 4647 1149 4684 :
1164 4646 1182 4696 y
1199 4646 1227 4680 en
1241 4630 1266 4680 el
1283 4631 1317 4681 fin
1332 4631 1366 4682 de
1380 4631 1406 4682 la
1423 4631 1536 4698 primore

316 4731 389 4768 cena.
400 4714 467 4765 Vale
481 4729 504 4766 t.
