3388 5458
743 544 782 556 ..
807 521 923 589 10³-

226 673 394 748 Melibee
438 698 634 746 sermones.
675 671 795 746 Febea
827 695 924 757 ver0,
975 673 1061 768 quia
1092 696 1166 766 non
1205 697 1228 744 a
1255 671 1444 747 Celestina

227 790 348 888 aliqua
380 788 556 885 paulatim
595 791 843 884 corrumpitur,
879 789 1014 859 lmenei
1056 785 1173 859 ardori
1203 789 1314 860 nimia
1349 787 1446 862 lesti-

226 910 376 978 natione
391 903 579 1000 indulgere
595 903 746 976 videtur.
762 905 958 983 Personam
980 913 1104 974 tamen
1127 903 1257 976 Torret
1276 905 1448 979 Nalarro

225 1022 389 1094 formavit
422 1045 530 1117 quam
548 1036 582 1092 et
610 1036 762 1092 suamet
785 1018 931 1090 maximi
959 1043 1038 1091 esse
1057 1017 1228 1116 ponderis
1246 1019 1446 1117 praedicare

223 1149 353 1234 potest.
382 1135 586 1209 Marchisus
604 1139 716 1225 enim,
750 1131 877 1207 Fcbeae
912 1133 1029 1221 frater,
1067 1138 1118 1206 ita
1138 1133 1265 1208 honori
1292 1161 1358 1210 suo
1389 1139 1443 1209 in·

225 1256 334 1326 servit
353 1263 392 1325 ut
407 1277 561 1324 sororem
577 1255 718 1323 intenta
731 1277 815 1323 eura
831 1263 988 1324 asservet
1003 1249 1205 1348 illicitoque
1219 1253 1256 1324 in
1276 1275 1444 1326 sermone

225 1366 486 1464 deprehensam
521 1367 616 1439 haud
634 1366 843 1439 dubitanter
862 1368 1044 1439 occisurus
1064 1365 1122 1439 sit.
1145 1367 1278 1440 Nonne
1311 1365 1443 1442 multas

225 1487 264 1556 in
293 1511 312 1552 a
329 1507 449 1571 aureae
468 1513 486 1552 »
515 1487 634 1556 aetatis
675 1482 865 1555 comoediis
897 1506 1070 1578 personas
1108 1481 1270 1556 invenies
1290 1508 1370 1580 quae
1398 1509 1443 1556 ex

226 1597 321 1671 illius
340 1623 400 1670 ore
421 1603 524 1694 quasi
546 1597 725 1695 imagines
744 1599 1018 1694 exprimentur?
1050 1597 1181 1671 Cetera
1200 1623 1283 1671 vero
1316 1598 1441 1672 Barto·

224 1711 396 1786 lomeuse
418 1713 614 1812 Celerrime
642 1713 740 1787 tonte
778 1712 910 1786 hausit.
943 1715 1020 1786 lmo
1058 1713 1127 1787 hoc
1161 1717 1253 1786 inter
1288 1713 1443 1789 famulos

224 1828 375 1900 Boream
391 1842 426 1901 et
437 1829 574 1902 Elisum
591 1831 762 1902 interesse
783 1829 894 1902 voluit
910 1831 1007 1927 quod
1027 1842 1064 1903 et
1075 1829 1168 1903 inter
1183 1829 1440 1929 Sempronium

222 1958 257 2017 et
278 1945 556 2019 Parmenonem.
572 1945 672 2018 'Alter
691 1949 789 2018 enim
809 1972 852 2018 ex
868 1945 1015 2019 alterius
1036 1949 1160 2018 animo
1175 1947 1302 2020 ultima
1321 1945 1443 2019 evellit

222 2061 400 2159 scrupula,
433 2075 581 2159 uterque
607 2060 795 2134 dominum
821 2061 994 2159 peculiari
1028 2061 1092 2135 illo
1124 2076 1159 2136 et
1187 2081 1296 2137 acuto
1332 2061 1441 2136 modo
1537 2095 1538 2098 ¹

223 2176 346 2251 irridet
383 2204 456 2276 quo
493 2190 574 2276 post
600 2177 830 2251 Fernandum
849 2180 893 2250 de
917 2177 1031 2278 Rojos
1050 2203 1177 2252 omnes
1197 2177 1441 2276 hispaniensis

222 2293 410 2366 comoediae
429 2293 554 2366 famuli
576 2319 650 2367 non
670 2293 794 2366 utendi
811 2293 920 2365 finem
941 2293 1087 2367 facient.
1114 2293 1275 2367 Tertium
1291 2295 1441 2368 Imeneoe

220 2419 341 2483 actum
361 2409 416 2482 vel
435 2409 563 2508 potius,
590 2423 627 2482 ut
649 2408 867 2502 Bartolomei
886 2409 995 2482 verbo
1011 2423 1100 2498 utar,
1133 2409 1229 2482 diem
1256 2409 1347 2506 lege,
1367 2410 1439 2484 Do-

220 2537 398 2624 restaeque
414 2528 452 2599 in
472 2525 591 2598 verbis
622 2526 773 2598 Boream
794 2536 828 2597 et
844 2525 1113 2622 Turpedionem
1139 2523 1296 2597 vicissim
1330 2523 1440 2598 cavil-

220 2637 330 2712 lantis
351 2641 474 2715 nescio
496 2641 581 2740 quid
608 2641 673 2715 tibi
691 2641 809 2714 videre
838 2639 1017 2714 videberis
1036 2641 1133 2740 quod
1150 2667 1221 2714 non
1246 2639 1397 2714 multum
1418 2667 1440 2714 a

222 2754 437 2828 Calderonis
466 2783 632 2830 sermone
652 2757 830 2830 abhorret.
854 2755 1121 2830 Duodecimum
1153 2769 1279 2829 contra
1317 2757 1438 2831 Celes·

217 2869 307 2943 tiara
332 2884 452 2947 actum
478 2878 602 2946 animo
634 2873 786 2970 colliges
825 2898 907 2945 cum
938 2874 1074 2945 lmenei
1110 2875 1293 2945 ministros
1331 2875 1438 2970 trepi-

219 2983 348 3060 dantes
368 2988 508 3061 videbis
527 2993 716 3086 primoque
746 2987 903 3061 tumultu
931 2988 1123 3085 fugientes.
1158 2986 1278 3060 Febea
1310 2991 1435 3079 etiam,
1509 3069 1514 3078 ,

219 3117 411 3200 postquam
446 3107 483 3176 in
512 3130 670 3177 amorem
684 3104 799 3178 effusa
818 3117 885 3194 est,
910 3103 1081 3178 Melibeae
1097 3102 1261 3176 ardorem
1277 3102 1438 3177 ostendit

219 3221 275 3289 cui
295 3218 368 3314 jam
391 3219 536 3293 Calisto
555 3223 680 3293 omnia
699 3233 733 3292 et
771 3224 856 3294 vitae
876 3219 1011 3317 gaudia
1032 3231 1068 3292 et
1097 3219 1216 3318 culpae
1236 3217 1433 3316 patrocinia
1478 3271 1480 3275 s

219 3332 316 3406 solus
332 3349 399 3407 est.
433 3337 480 3409 At
499 3338 693 3424 Fernando
721 3339 764 3408 de
795 3326 911 3435 Rosos
942 3336 987 3408 ad
1020 3335 1209 3409 hominum
1227 3361 1343 3409 mores
1376 3335 1436 3410 de·

218 3450 423 3546 pingendos
443 3452 613 3548 majorem
637 3452 851 3524 adhibuerat
871 3465 906 3524 et
926 3455 1138 3524 varietatem
1165 3465 1201 3524 et
1233 3455 1434 3524 veritatem.

218 3563 334 3638 Nemo
357 3565 593 3640 nihilominus
615 3572 732 3665 magis
765 3581 800 3640 et
828 3567 956 3640 melius
976 3592 1086 3665 quam
1110 3568 1238 3639 Torres
1266 3567 1438 3641 lVrzlzarro

217 3677 293 3774 ejus
318 3695 393 3753 arte
421 3707 506 3754 usus
526 3698 579 3754 est
601 3686 734 3780 quippe
755 3686 816 3781 qui
844 3680 982 3779 dialogi
1002 3681 1177 3755 flamman
1209 3686 1437 3781 nitoremque

217 3795 421 3870 imitatione
473 3803 648 3895 consequi
696 3799 846 3872 valuerit
888 3809 920 3870 et
961 3797 1108 3871 diversae
1146 3798 1438 3896 intermixtaeque

215 3913 380 3983 societati
402 3911 438 3984 in
469 3939 542 4009 qua
563 3929 725 3986 versatus
761 3926 816 3986 est
842 3917 933 3986 veris
963 3912 1216 3987 describendae
1255 3913 1437 3987 coloribus

217 4022 313 4098 haud
338 4030 454 4124 impar
478 4034 643 4101 evaserit·
677 4031 753 4102 Nec
773 4055 932 4102 amorem
953 4055 1056 4116 sane,
1087 4055 1154 4102 nec
1180 4029 1352 4103 honorem
1387 4028 1437 4105 vi·

213 4140 307 4214 vidis
327 4157 361 4215 et
382 4149 530 4241 tragicis
550 4145 686 4218 effinxit
714 4145 935 4242 imaginibus
955 4145 1089 4242 quibus
1110 4144 1289 4218 interdum
1309 4146 1436 4243 Tragi-

212 4258 395 4330 comoedia
411 4259 455 4330 de
472 4264 505 4334 C
504 4261 617 4333 aliato
625 4289 655 4360 y
672 4261 826 4334 Melibea
842 4274 1028 4358 tantopere
1049 4261 1259 4335 illustratur.
1276 4261 1437 4336 Honoris

211 4375 309 4444 enim
356 4374 600 4473 hispaniensis
634 4378 838 4450 Marchisus
857 4382 894 4449 in
929 4379 1132 4452 «Imenea»
1155 4377 1253 4450 solus
1287 4393 1342 4451 est
1374 4383 1435 4478 qui

211 4488 369 4562 vividam
389 4497 546 4589 speciem
568 4493 729 4590 praebeat
748 4528 754 4584 ;
773 4499 907 4567 amoris
922 4508 1044 4567 autem
1060 4495 1262 4592 voluptates
1281 4494 1437 4594 Jacz'nto

210 4621 245 4675 et
280 4607 475 4680 Florz'stou
505 4609 730 4684 mollioribus
751 4627 785 4683 et
818 4610 1066 4684 subtilioribus
1095 4614 1288 4684 sententiis
1320 4614 1435 4709 expri-

213 4733 327 4793 munt.
369 4709 628 4798 Verumtamen
674 4728 802 4799 Torret
830 4727 1001 4801 Nolarro
1026 4729 1127 4825 (quae
1162 4726 1241 4799 laus
1270 4752 1345 4800 non
1378 4738 1435 4800 est

211 4835 416 4939 mediocris)
439 4845 574 4939 primus
591 4841 768 4916 intellexit
784 4868 856 4941 quo
876 4853 983 4942 poeta
1012 4838 1240 4916 modo‘lictis
1270 4855 1306 4916 et
1331 4840 1434 4917 [alsis
