3416 5460
727 555 883 600 ..11-

195 699 344 799 paniam
372 710 501 773 natura
526 710 561 772 et
582 699 741 797 quodam
775 703 942 797 ingenito
963 708 1063 772 motu
1088 694 1243 770 sublime
1269 691 1415 822 spirare.

195 815 271 891 Sed
285 819 316 890 si
336 814 592 912 magnitudine
617 840 732 888 rerum
753 815 916 898 trahitur,
941 841 1015 888 non
1032 817 1153 885 minus
1172 837 1215 884 ex
1235 820 1418 882 contrario

195 931 340 1004 horrida
350 947 386 1004 et
397 956 525 1030 aspera
535 945 570 1003 et
580 932 626 1003 ad
637 944 755 1004 truces
769 957 867 1028 saepe
879 935 1124 1028 cogitationes
1135 927 1209 1024 rapi
1222 923 1414 998 videbitur.

194 1047 280 1122 Non
299 1072 375 1121 una
393 1051 492 1120 enim
504 1060 539 1119 et
550 1047 703 1144 simplex
719 1051 856 1120 exstitit
878 1047 941 1119 illa
959 1071 1052 1144 gens
1071 1044 1134 1118 sed
1153 1070 1198 1115 ex
1217 1043 1368 1114 diversis
1383 1051 1418 1112 et

194 1162 288 1237 inter
317 1189 355 1237 se
376 1160 628 1260 pugnantibus
659 1163 820 1236 moribus
851 1175 1019 1237 constare
1039 1163 1201 1235 videtur:
1225 1158 1284 1230 hic
1309 1159 1419 1252 igitur

178 1283 364 1352 invenias
383 1291 419 1352 et
435 1276 571 1375 insigni
585 1281 722 1375 pietate
742 1278 917 1376 praeditos
931 1278 1123 1376 pontifices
1138 1283 1174 1349 et
1189 1277 1289 1356 omni
1306 1271 1416 1344 laude

195 1394 385 1469 decoratos
404 1393 546 1467 nobiles
561 1407 597 1466 et
615 1393 776 1468 latrones
797 1393 969 1468 omnibus
990 1393 1186 1468 sceleribus
1211 1389 1367 1464 foedatos
1382 1397 1418 1459 et

194 1512 347 1586 lenones
366 1524 402 1584 et
414 1491 518 1583 lenas
533 1508 607 1583 etsi
625 1509 714 1608 quid
730 1509 851 1584 adhuc
868 1511 1004 1608 turpius
1018 1523 1079 1584 aut
1094 1509 1202 1584 vilius
1217 1505 1416 1600 excogitari

194 1639 324 1725 potest.
349 1627 426 1702 Nec
458 1625 574 1700 solum
595 1624 770 1700 discretos
785 1640 821 1699 et
840 1631 1026 1725 oppositos
1044 1626 1100 1700 his
1128 1628 1241 1698 tantis
1263 1621 1418 1694 dissimi-

195 1741 414 1817 litudinibus
433 1741 601 1814 homines
632 1741 736 1815 offert
765 1742 959 1842 Hispania,
983 1741 1046 1814 sed
1080 1745 1190 1815 etiam
1218 1743 1255 1811 in
1286 1734 1416 1808 iisdem

194 1857 407 1932 hominibus
419 1857 546 1956 juncta
558 1860 703 1954 penitus
716 1883 800 1956 quae
817 1858 960 1932 soleant
973 1857 1060 1930 alibi
1075 1857 1229 1930 discreta
1246 1852 1413 1925 inveniri.

195 1974 238 2048 Si
258 1973 385 2047 ardore
403 1986 440 2046 et
459 1976 597 2070 impetu
617 1977 751 2046 mentis
770 1975 817 2046 ad
835 1973 1006 2048 sublimia
1022 1973 1193 2070 Hispani,
1214 1971 1318 2069 quasi
1334 1966 1416 2062 lege

195 2088 355 2204 quadam
377 2102 517 2163 naturae
533 2112 620 2174 suae,
645 2089 857 2178 evehuntur,
877 2115 951 2163 non
972 2094 1093 2174 minus
1113 2099 1207 2162 aestu
1222 2085 1415 2181 sanguinis

196 2206 243 2279 ad
257 2203 443 2303 impudica
462 2215 497 2277 et
511 2203 684 2302 probrosa
703 2205 950 2302 impelluntur,
972 2232 1040 2278 nec
1059 2204 1202 2279 facilius
1229 2226 1292 2276 eos
1315 2196 1414 2272 cohi·

198 2321 299 2410 beaS,
314 2323 389 2393 sive
405 2320 451 2394 ad
470 2325 620 2394 virtutes
634 2323 799 2412 eximias,
821 2326 897 2396 sive
908 2322 954 2394 ad
975 2322 1154 2396 luxuriam
1173 2311 1413 2418 flagitiosissi-

199 2461 296 2509 mam
310 2439 458 2509 irmant.
474 2434 664 2535 Quidquid
675 2461 759 2510 vero
772 2453 885 2535 agant
897 2437 1005 2511 iidem
1025 2437 1255 2510 invenientur
1267 2466 1274 2526 ;
1286 2430 1414 2520 eadem

197 2555 235 2627 vi
261 2555 442 2626 contraria
479 2556 666 2650 arripiunt,
698 2557 831 2651 pariter
858 2565 959 2628 extra
988 2552 1134 2627 modum
1163 2561 1411 2648 exsurgenteS,

194 2671 273 2743 sive
306 2666 402 2741 mala
427 2667 576 2765 gaudia,
610 2673 686 2743 sive
719 2669 919 2744 clarissima
953 2669 1049 2745 lacta
1078 2673 1204 2743 animo
1230 2677 1410 2765 reputant.

198 2785 387 2880 Hispanus
402 2787 499 2856 enim
520 2785 627 2857 simul
646 2798 683 2858 et
703 2784 912 2859 fortitudine
932 2791 999 2859 erit
1019 2789 1177 2884 insignis
1196 2796 1232 2857 et
1250 2781 1411 2870 leritate;

196 3013 441 3087 ferocissimus
455 3013 522 3088 erit
543 3031 589 3105 et,
614 3019 644 3089 si
671 3017 759 3091 data
778 3031 832 3092 est
850 3023 1012 3108 occasio,
1035 3017 1273 3092 humillimus.
1296 3018 1346 3087 ita
1361 3025 1414 3100 ut,

109 3153 111 3160 ·
197 3133 229 3202 si
245 3128 334 3202 velis
348 3128 394 3203 ad
410 3155 473 3203 eos
490 3131 747 3206 describendos
767 3137 812 3207 iis
831 3139 883 3208 uti
897 3135 1023 3233 figuris·
1042 3135 1177 3234 quibus
1192 3135 1261 3231 ipsi
1282 3129 1412 3216 solent,
1450 3226 1452 3230 .

199 3270 275 3318 non
290 3270 397 3343 prave
416 3245 613 3346 depingere
633 3253 751 3347 possis
771 3249 900 3324 habitu
918 3266 954 3326 et
973 3251 1090 3350 figura
1105 3249 1250 3324 eximiae
1266 3247 1418 3346 virginis

198 3359 329 3434 inloto
349 3359 492 3459 penitus
506 3362 618 3460 pedes
639 3365 771 3440 infixos
791 3365 975 3442 habentis.

249 3477 342 3550 Haec
378 3490 499 3552 autem
537 3482 719 3556 contraria
754 3497 789 3556 et
819 3483 961 3557 absona
994 3509 1183 3582 nunquam
1219 3487 1255 3554 in
1294 3481 1419 3551 animo

199 3590 359 3666 habuere
392 3607 431 3666 ut
460 3595 620 3692 quodam
655 3598 764 3672 modo
802 3611 1053 3698 temperarent,
1092 3599 1226 3674 nedum
1259 3594 1420 3670 funditus

199 3705 326 3802 tollere
348 3712 579 3784 tentaverint.
617 3715 710 3788 Haec
743 3727 798 3788 est
829 3741 941 3790 causa
961 3741 1037 3804 cur,
1063 3741 1144 3788 cum
1173 3711 1279 3788 simul
1299 3721 1421 3784 essent

199 3823 447 3920 superbissimi
468 3827 666 3918 hominum,
692 3830 721 3903 si
749 3831 796 3905 ad
816 3831 990 3907 honorem
1010 3836 1196 3931 respiciaS,
1229 3843 1265 3902 et
1288 3825 1420 3900 humil-

200 3937 291 4026 limi,
316 3943 346 4011 si
370 3941 415 4012 ad
438 3940 536 4038 leges
555 3970 576 4015 a
592 3945 769 4042 religione
794 3947 962 4040 indictas
986 3974 1044 4022 ars
1069 3947 1132 4033 illa
1151 3945 1247 4044 apud
1263 3943 1345 4016 illos
1369 3946 1420 4014 in-

198 4069 308 4126 venta
327 4053 430 4126 luerit
447 4071 482 4128 et
504 4058 613 4154 paulo
635 4075 714 4157 post
732 4063 890 4160 perlecta
904 4067 1056 4137 evaserit
1080 4089 1152 4162 qua
1166 4057 1343 4160 quidquid
1364 4056 1420 4130 vel

199 4173 417 4265 cogitaveris
449 4173 504 4245 vel
537 4174 662 4249 leceris
704 4178 923 4276 quibusdam
968 4178 1241 4254 conditionibus
1278 4176 1420 4275 ignosci

200 4284 326 4381 possit,
341 4285 442 4384 cujus
453 4292 541 4362 artis
561 4291 740 4367 beneficio
757 4295 848 4368 nihil
864 4321 954 4394 opus
969 4309 1044 4370 erat
1063 4309 1102 4368 ut
1122 4293 1261 4393 aliquid
1277 4318 1296 4366 e
1310 4291 1419 4364 ieroci

198 4407 324 4476 animo
352 4410 586 4499 remitterent,
623 4415 918 4513 quandoquidem
947 4416 1118 4514 pleraque
1156 4418 1235 4486 sine
1268 4411 1415 4498 scelere,

201 4517 279 4592 sine
296 4547 393 4594 noxa
412 4522 504 4596 effici
524 4539 703 4622 poterant.
1208 4525 1209 4530 ¹

199 4655 202 4660 ·
251 4633 433 4732 Hispania
453 4641 564 4735 igitur
582 4643 675 4717 adeo
697 4643 751 4718 est
771 4646 911 4744 aliquid
930 4648 1115 4745 singulare
1134 4665 1173 4721 ut
1198 4647 1232 4720 vi
1258 4645 1417 4744 quadam

200 4753 344 4846 propria
356 4776 419 4824 eas
434 4759 656 4842 [nutationes
670 4761 899 4835 mediocriter
914 4767 1124 4860 cognoverit
1137 4791 1222 4863 quae
1237 4762 1305 4836 sub
1322 4761 1417 4833 idem

169 4863 172 4868 ’
200 4873 344 4962 tempus
362 4870 495 4944 vicinis
508 4873 681 4970 gentibus
697 4889 836 4951 tantam
853 4883 908 4954 sui
927 4883 1166 4955 mutationem
1192 4881 1356 4956 attulere.
1376 4881 1417 4955 ln
