3416 5460
683 523 839 590 ,53-

158 671 407 746 intermitttere
427 698 537 770 quam
554 670 622 748 sibi
643 697 717 744 non
738 669 904 742 occidere
925 693 1032 766 quem
1049 672 1221 764 attigerit.
1242 667 1316 741 Sed
1339 679 1378 742 ut
1397 751 1401 760 ¹

154 787 275 862 verbis
304 799 341 860 et
373 787 630 885 praedicatione
667 785 777 860 fretus
810 811 892 858 eum
924 785 1160 858 fortissimum
1180 797 1296 882 putes,
1326 787 1377 858 ita

155 929 194 976 re
230 929 314 978 vera
345 903 517 1000 ignavum
547 902 715 1002 reperias
754 901 914 974 Coactus
947 904 1046 972 enim
1084 899 1131 972 ab
1168 894 1288 972 amica
1311 926 1377 973 sua

158 1020 299 1093 Areusa
354 1033 392 1092 ut
446 1044 575 1116 poenas
620 1018 668 1091 ob
723 1021 978 1115 interemptum
1038 1017 1305 1089 Parmenonem
1356 1042 1379 1088 a

154 1134 297 1208 Calisto
337 1149 476 1231 repetat
509 1121 550 1207 xse
596 1137 829 1231 repetiturum
864 1135 1040 1230 promittit
1080 1158 1148 1205 nec
1190 1133 1377 1229 promissis

152 1264 227 1323 stat
259 1264 294 1324 et
327 1249 485 1324 alienum
507 1255 631 1322 nescio
665 1275 772 1347 quem
807 1253 868 1347 qui
890 1249 1082 1322 tumultum
1112 1248 1195 1322 edat
1214 1250 1291 1344 vice
1311 1271 1377 1320 sua

154 1369 279 1438 mittit.
314 1367 389 1440 His
422 1369 532 1464 igitur
576 1365 759 1452 omnibus,
798 1391 861 1439 seu
895 1364 1048 1462 grandia
1089 1363 1196 1454 dicit,
1233 1388 1297 1435 seu
1329 1361 1377 1434 ab

151 1482 310 1578 agendis
343 1481 387 1554 de
406 1480 538 1578 quibus
552 1481 747 1578 magnifice
763 1481 934 1578 praedicat
960 1478 1181 1552 facinoribus
1198 1477 1372 1570 abstinet,

152 1622 238 1670 cum
279 1623 415 1670 merum
464 1597 589 1668 militis
622 1596 771 1694 gloriosi
815 1595 930 1670 filium
966 1623 1004 1669 se
1048 1593 1248 1684 denuntiat,
1300 1608 1375 1669 tum

152 1738 232 1785 non
272 1716 393 1786 minus
437 1711 629 1804 manifesto
673 1711 832 1784 ostendit
868 1737 906 1784 se
937 1711 1114 1810 Hispanis
1146 1715 1375 1810 aptissimam

149 1854 234 1904 esse
253 1853 444 1924 personam
466 1827 648 1900 ethorum
674 1825 888 1926 populorum
904 1827 1023 1899 indoli
1046 1829 1203 1899 maxime
1224 1852 1375 1900 consen·

149 1957 314 2020 taneam.
365 1945 504 2042 Nempe
537 1943 710 2018 advectus
748 1945 906 2018 Romam
938 1970 957 2016 e
987 1943 1136 2016 Graeciae'
1167 1941 1223 2015 vel
1257 1939 1376 2040 potius

148 2060 251 2134 Asiae
269 2059 479 2158 regionibns
499 2060 601 2133 miles
615 2060 795 2157 gloriosus
816 2059 904 2150 luit;
933 2061 1094 2132 Romani
1120 2057 1217 2130 enim
1245 2057 1292 2129 ab
1312 2056 1376 2128 illa

148 2175 355 2250 deridicula
371 2175 567 2280 magnifice
588 2175 762 2274 loquendi
781 2175 920 2248 ratione
937 2176 1089 2249 multum
1105 2173 1351 2247 abhorrebant
1366 2205 1373 2264 ;

150 2293 312 2390 Hispani
333 2305 455 2366 autem
471 2291 580 2382 hane,
600 2295 767 2390 quamvis
788 2291 885 2367 haud
902 2296 1057 2390 impares
1081 2285 1262 2364 Romanis
1279 2290 1373 2362 lorti·

147 2407 280 2482 tudine
298 2408 501 2494 videantur,
517 2433 658 2506 semper
670 2408 826 2498 coluere,
844 2413 895 2508 ita
911 2422 949 2480 ut
962 2407 1038 2504 jure
1058 2405 1178 2479 dicere
1193 2409 1374 2508 possimus

148 2527 305 2621 potiuse
319 2522 419 2598 fonte
433 2523 645 2620 hispanensi
659 2550 769 2623 quam
784 2525 952 2596 Romano
965 2527 1002 2595 in
1020 2539 1180 2596 nostrum
1193 2521 1374 2593 theatrum
1467 2577 1469 2582 .

147 2640 223 2714 hos
237 2639 370 2712 milites
384 2637 520 2712 diutius
535 2644 706 2712 universo
727 2635 999 2736 populisplausu
1014 2649 1184 2736 exceptos
1199 2639 1371 2734 erupisse.

201 2755 276 2828 Sed
297 2754 411 2828 multo
429 2753 650 2852 frequentior
672 2782 793 2829 eorum
814 2755 1028 2828 famulorum
1056 2753 1174 2852 proles
1194 2755 1256 2852 qui
1277 2752 1374 2849 apud

148 2869 379 2966 Celestinam
400 2883 435 2942 et
456 2871 712 2969 Chrysalorum
735 2886 769 2945 et
791 2872 962 2976 Syrorum
983 2875 1120 2968 partem
1147 2882 1273 2968 agunt.
1297 2867 1375 2941 Nec

147 2998 294 3058 tantum
325 2987 518 3058 comoediae
544 2991 721 3060 intersunt
741 3001 779 3060 ut
805 2987 942 3060 salibus
977 3015 1020 3080 ne
1051 2986 1186 3060 Siculis
1211 2983 1370 3084 quidem,

147 3101 288 3174 nedum
334 3103 476 3192 Atticis,
522 3117 742 3202 spectatores
781 3103 970 3176 detineant
1013 3101 1068 3176 vel
1113 3101 1274 3176 tabulam
1314 3125 1376 3198 per

147 3215 329 3312 ambages
349 3215 463 3290 tacete
503 3221 730 3316 excogitatas
752 3234 934 3292 morentur
959 3230 994 3292 et
1015 3243 1133 3292 rursus
1166 3217 1212 3290 ad
1238 3217 1374 3290 exitum

148 3331 338 3405 festinent.
363 3333 446 3418 Non
478 3333 584 3406 valde
622 3335 743 3431 abiis
767 3333 893 3408 officiis
922 3339 1061 3424 remoti,
1097 3337 1127 3406 si
1160 3333 1307 3432 quidem
1340 3344 1375 3404 et

149 3448 524 3552 rusticis—opprobriis
556 3453 755 3546 saepissime
793 3455 844 3523 uti
879 3463 915 3522 et
948 3449 1080 3523 labulae
1109 3451 1302 3522 immisceri
1336 3461 1374 3519 ut

149 3562 251 3660 prius
278 3562 411 3651 solent,
441 3567 486 3636 ad
504 3591 636 3637 novam
665 3584 788 3638 tamen
810 3565 1022 3638 industriam
1049 3565 1192 3638 facilem
1213 3559 1374 3636 animum

151 3704 223 3750 nec
250 3704 325 3750 non
354 3705 567 3776 magnarum
590 3704 704 3754 rerum
722 3681 892 3778 cupidum
915 3671 1131 3772 intendunt;
1154 3707 1173 3753 e
1195 3681 1376 3754 Romanis

153 3791 312 3888 Hispani
343 3793 434 3866 fiunt
454 3810 489 3868 et
523 3797 584 3892 qui
611 3801 704 3870 servi
744 3797 886 3870 luerunt
919 3821 1016 3886 nunc
1049 3796 1213 3882 ministri,
1254 3798 1374 3892 utqui
1480 3869 1482 3872 .

149 3912 300 4005 penitus
323 3907 795 4010 immutentunappellandi
822 3931 918 3987 sunt.
952 3915 1076 4010 Longe
1096 3916 1194 3985 enim
1217 3938 1237 3984 a
1261 3917 1376 4008 priore

149 4023 497 4116 habiturecedunt;
521 4053 540 4099 e
560 4033 706 4102 servitio
739 4030 855 4102 exisse
889 4056 962 4102 non
1002 4032 1179 4116 contenti,
1212 4041 1250 4100 ut
1283 4027 1377 4100 heris

147 4138 290 4212 similes
328 4140 418 4213 fiant
455 4157 516 4214 aut
555 4143 682 4216 saltem
721 4145 913 4218 videantur
951 4171 1043 4234 esse,
1062 4147 1161 4216 omni
1201 4143 1377 4214 industria

148 4259 328 4326 nituntur.
352 4255 393 4328 Si
420 4283 482 4328 eos
509 4258 651 4347 cucullo
674 4264 764 4332 satis
799 4259 935 4332 mundo
965 4259 1172 4348 donaveris,
1194 4257 1377 4355 extemplo

148 4394 236 4442 cnm
254 4371 406 4444 induunt
426 4388 473 4475 etp
496 4399 576 4444 cum
598 4375 764 4470 superbia
787 4383 863 4466 (eos
892 4375 1033 4448 nobiles
1061 4401 1140 4449 esse
1162 4375 1303 4468 credas)
1338 4378 1376 4445 in

149 4484 338 4584 publicum
364 4480 574 4582 procedunt.
599 4491 639 4562 Si
661 4507 823 4586 expertos
861 4492 932 4564 sint
968 4494 1130 4588 periculi,
1158 4519 1220 4564 eos
1240 4492 1375 4562 tortitu-

150 4599 252 4673 dinis
289 4629 363 4673 suae
399 4619 640 4676 ostentatores
690 4608 872 4700 reperias;
920 4613 948 4678 si
985 4614 1129 4703 ingruat
1164 4606 1372 4704 periculum,

150 4715 325 4794 socordes
363 4718 545 4814 extemplo
582 4718 680 4792 lacti.
716 4722 760 4792 Et
794 4722 859 4817 ipsi
892 4723 1188 4799 amabunt-ut
1219 4723 1377 4795 dominis
