3424 5464
851 431 1010 497 ..ψ

326 581 428 655 dotes
443 572 640 653 'decurrunt
659 591 698 652 ut
710 578 863 675 piaculis
889 592 924 652 et
948 578 1118 676 precibus
1129 569 1195 654 sua
1215 577 1288 653 illis
1306 593 1369 656 aut
1383 608 1545 658 exsecra·

326 697 413 770 bilia
432 709 494 770 aut
509 721 598 769 sane
628 694 816 792 religionis
831 694 933 792 leges
944 693 1119 768 laedentia
1148 695 1246 770 lacta
1272 697 1540 775 condonentur.

324 814 364 886 ln
394 816 438 886 iis
466 811 615 884 tandem
652 809 815 908 antiquis
850 809 1019 884 cantibus
1047 837 1113 884 nec
1143 811 1275 886 desunt
1291 813 1459 911 exempla
1485 817 1541 893 vel

323 928 448 1002 crebra
467 925 603 1026 quibus
635 929 818 1000 rusticitas
844 951 982 1000 morum
1016 939 1181 1024 erumpat
1219 941 1254 1001 et
1287 929 1395 1004 rudes
1427 935 1541 1004 animi

322 1045 573 1131 ostendantur,
617 1047 693 1116 sive
733 1067 795 1115 rex
833 1042 1082 1117 Ferdinandus
1134 1043 1312 1142 quasdam
1348 1044 1541 1121 Chimenae

322 1159 487 1258 querelas
502 1157 548 1231 de
567 1162 698 1230 marito
730 1156 868 1230 salibus
888 1157 1008 1231 minus
1031 1157 1158 1231 facetis
1177 1159 1317 1233 deridet
1336 1165 1412 1235 sive
1426 1161 1490 1236 illa
1501 1165 1538 1234 d.

320 1277 474 1349 Lambra
489 1274 668 1348 cucumim
681 1277 862 1371 sanguine
881 1272 1046 1348 refertum
1064 1273 1163 1372 injici
1181 1279 1219 1348 in
1237 1290 1405 1374 nepotem
1424 1277 1537 1376 jubet,

320 1395 395 1465 sive
414 1403 586 1465 sexcenta
606 1389 678 1462 alia
698 1415 782 1487 quae
797 1388 924 1462 referre
946 1414 1220 1486 supervacuum.

369 1508 462 1581 Haec
495 1504 688 1579 dissimilia
713 1518 748 1579 et
774 1509 878 1604 quasi
913 1509 1005 1579 inter
1024 1531 1063 1578 se
1087 1511 1305 1604 pugnantia,
1328 1535 1373 1582 ex
1406 1509 1540 1608 quibus

320 1636 451 1698 natura
474 1623 721 1719 Hispanorum
741 1619 934 1719 peculiaris
953 1620 1142 1713 conflatur,
1175 1625 1212 1696 in
1246 1622 1364 1699 lucem
1403 1630 1540 1726 quique

317 1764 445 1814 omnes
464 1738 665 1812 docuerunt
689 1736 831 1811 tabulas
851 1751 885 1810 et
919 1740 957 1809 in
977 1737 1102 1835 primis
1127 1739 1219 1838 Lupe
1237 1741 1281 1812 de
1302 1741 1398 1841 Vega
1417 1755 1537 1840 protu-

317 1854 446 1929 lerunt.
469 1853 537 1929 Vel
558 1857 588 1928 si
623 1853 731 1927 altius
758 1856 988 1951 introspicias
1007 1865 1042 1926 et
1071 1854 1117 1927 ad
1141 1854 1224 1930 illos
1243 1855 1412 1954 dialogos
1440 1857 1538 1932 unde

318 1969 544 2044 «comedia»
565 1973 679 2043 evasit
698 1967 897 2058 revertaris,
909 1995 1071 2068 quosque
1090 1969 1157 2042 sub
1176 1969 1250 2044 fine
1265 1971 1383 2070 quinti
1404 1972 1535 2047 decimi

315 2099 396 2184 post
428 2089 461 2186 J.
491 2086 534 2160 C.
570 2084 697 2159 saeculi
714 2088 868 2182 primum
885 2089 923 2157 in
943 2110 1011 2159 usu
1030 2085 1141 2158 luisse
1156 2085 1244 2182 satis
1270 2099 1428 2180 constat,
1453 2089 1536 2163 haec

314 2202 441 2276 eadem
462 2204 628 2275 invenias
651 2235 657 2273 :
677 2205 715 2273 in
735 2226 808 2298 qua
827 2205 937 2298 igitur
952 2213 1052 2300 parte
1086 2201 1354 2278 immorandum
1385 2229 1535 2278 necesse

313 2317 495 2391 videbitur
508 2322 538 2391 si
559 2343 643 2416 quae
663 2315 769 2390 luerit
788 2320 822 2392 C
821 2315 978 2390 elestr'na
988 2318 1119 2416 quidve
1136 2322 1222 2391 novi
1235 2345 1358 2394 secum
1375 2318 1535 2394 attulerit

313 2434 535 2532 perpendere
554 2431 732 2507 volumus.
756 2433 805 2507 Ut
819 2436 918 2506 enim
939 2436 977 2504 in
997 2437 1128 2507 ceteris
1149 2436 1303 2532 Europae
1323 2434 1535 2532 regionibus

312 2554 365 2624 sic
380 2549 436 2625 vel
456 2553 639 2649 praecipue
672 2554 710 2622 in
740 2549 921 2646 Hispania
948 2553 1046 2622 circa
1079 2549 1293 2647 religionem
1327 2555 1530 2650 praesertim

309 2677 499 2742 versantur
518 2665 743 2740 incunabula
762 2665 893 2740 theatri
920 2677 956 2738 et
975 2692 1019 2739 ex
1050 2665 1113 2738 illo
1147 2671 1250 2764 quasi
1289 2693 1393 2741 sacro
1430 2666 1531 2741 fonte

310 2781 455 2880 profluit
491 2781 673 2880 quidquid
693 2781 730 2855 in
765 2782 833 2856 hoc
852 2807 986 2880 genere
1020 2782 1219 2856 litterarum
1252 2787 1425 2881 scriptum
1460 2795 1529 2856 est.

311 2900 452 2996 Nempe
475 2897 764 2996 illaetragoediae
795 2898 850 2972 vel
871 2897 1067 2973 comoediae
1097 2923 1188 2996 quas
1224 2899 1385 2973 Romani
1419 2903 1530 2998 scrip·

310 3028 405 3089 tores
419 3014 491 3112 jam
512 3014 598 3087 inde
613 3040 634 3086 a
649 3017 854 3114 principatu
871 3015 1025 3111 Augusti
1044 3037 1119 3086 non
1135 3013 1182 3087 ad
1193 3013 1360 3088 ultimam
1380 3040 1530 3089 caveam

309 3132 372 3204 sed
392 3131 438 3204 ad
458 3129 646 3206 doctorum
667 3141 702 3202 et
726 3128 958 3228 prudentium
991 3133 1134 3204 animos
1154 3129 1392 3204 delectandos
1421 3135 1529 3230 respi-

308 3250 447 3320 cientes
467 3245 660 3320 ediderunt
680 3271 870 3343 nunquam
889 3245 936 3318 ad
956 3244 1056 3343 vulgi
1084 3271 1231 3320 sensum
1252 3247 1529 3321 accommodata

306 3363 415 3436 luere.
447 3362 524 3440 Nec
558 3362 644 3435 dum
673 3361 829 3434 Barbari
858 3363 993 3459 saepius
1031 3376 1131 3434 trans
1164 3362 1363 3462 Pyrenaeos
1383 3374 1529 3436 montes

308 3477 555 3576 irrumpebant
575 3505 642 3551 nec
655 3503 717 3575 per
736 3478 861 3552 turbas
880 3477 1013 3576 quibus
1031 3479 1212 3575 Hispania
1229 3478 1367 3576 jamdiu
1397 3493 1528 3552 vexata

306 3609 360 3668 est
393 3595 531 3669 licitum
565 3606 676 3668 estut
715 3618 916 3668 consensus
945 3593 1133 3666 hominum
1163 3593 1290 3687 litteris
1324 3593 1526 3669 deditorum

306 3709 436 3783 tierent
459 3743 466 3800 ;
497 3735 581 3807 quae
601 3735 711 3783 causa
732 3709 798 3782 luit
822 3735 885 3782 cur
904 3735 978 3781 non
999 3709 1046 3781 ad
1084 3708 1276 3782 Plautinas
1305 3709 1359 3782 vel
1394 3710 1528 3783 Teren·

305 3825 425 3899 tianas
441 3825 583 3900 labulas
595 3824 862 3924 respiciendum
888 3829 946 3915 sit,
960 3825 1024 3898 sed
1040 3824 1087 3898 ad
1104 3825 1293 3921 Atellanas
1309 3829 1525 3925 mimosque,

305 3945 334 4014 si
368 3945 474 4039 quasi
500 3967 561 4040 per
589 3940 725 4039 gradus
763 3941 808 4015 de
840 3944 993 4039 antiquo
1026 3941 1168 4014 theatro
1202 3940 1248 4013 ad
1286 3944 1525 4016 recentiorum

304 4071 506 4154 temporum
533 4057 714 4132 theatrum
740 4056 943 4153 transgredi
964 4056 1001 4129 in
1021 4056 1144 4130 animo
1164 4070 1230 4130 est.
1406 4041 1408 4046 ,

293 4222 297 4230 -
354 4173 432 4246 Nec
452 4177 577 4274 magni
598 4171 806 4248 aestimandi
826 4185 911 4246 sunt
931 4172 983 4244 illi
1004 4172 1204 4248 Arabarum
1226 4171 1362 4269 dialogi
1386 4175 1448 4270 qui
1467 4171 1523 4247 vel

304 4314 384 4364 raro
403 4302 549 4364 exstant
569 4293 705 4388 quique
718 4304 754 4363 et
769 4288 877 4362 soluti
898 4301 934 4361 et
950 4287 1095 4361 hiantes
1116 4314 1138 4361 a
1164 4288 1270 4362 rebus
1285 4287 1524 4362 theatralibus

303 4404 411 4481 valde
430 4405 626 4479 abhorrent
645 4419 681 4478 et
701 4409 739 4477 in
755 4403 943 4478 codicibus
962 4430 984 4477 a
1004 4402 1141 4479 Casiri
1156 4407 1205 4502 (1)
1220 4403 1404 4503 productis
1424 4407 1522 4476 inve·

303 4522 475 4612 niuntur;
514 4547 633 4620 neque
653 4520 800 4618 majoris
817 4524 990 4595 momenti
1023 4545 1100 4592 esse
1121 4519 1257 4594 debent
1285 4519 1360 4610 illae
1387 4517 1523 4592 labulae

335 4801 371 4864 (ι)
386 4795 427 4850 Cf.
442 4811 456 4846 t
469 4795 630 4847 Bibliotheca
645 4797 876 4863 Arabico-hispana
891 4795 1074 4847 Escurialensis
1091 4813 1114 4847 r.
