3416 5460
851 469 1011 548 „55-

322 625 375 702 nil
392 625 461 702 nisi
486 653 572 703 suas
590 627 766 703 utilitates
797 629 988 704 curabunt.
1023 631 1076 704 Ex
1097 630 1160 704 illa
1179 633 1346 728 prosapia
1382 624 1551 702 evadunt

323 743 375 819 illi
396 743 492 842 apud
522 745 695 844 populum
725 746 905 818 notissimi
935 745 1068 842 quibus
1093 747 1275 844 ,inclytum
1306 769 1444 818 nomen
1483 733 1557 816 Gil

323 859 419 936 Blae
437 873 472 934 et
492 863 528 935 F
529 859 637 960 z'garo
656 859 834 934 indictum
855 875 923 935 est.
942 861 999 933 Ad
1021 865 1055 934 C
1053 861 1245 933 elestinam
1263 864 1385 960 igitur,
1419 862 1450 931 si
1470 851 1553 954 quis

324 1001 445 1050 veram
477 976 656 1074 originem
688 975 830 1050 illorum
863 981 1103 1050 recentiorum
1124 976 1338 1050 lamulomm
1366 972 1553 1070 simulque

326 1096 571 1166 mutationum
621 1117 713 1189 quas
753 1097 1034 1165 memoravimus
1078 1095 1223 1166 initium
1276 1087 1555 1190 deprehendere

253 1219 255 1224 '
326 1208 426 1295 velit,
451 1211 628 1305 respicere
644 1231 794 1280 necesse
813 1219 880 1279 est.

379 1321 480 1416 Quin
510 1321 618 1395 etiam
643 1325 689 1394 'in
711 1323 837 1395 eadem
858 1323 1153 1417 Tragicomoedia
1176 1327 1364 1397 inventum
1386 1336 1441 1394 est
1464 1315 1555 1392 illud

330 1435 506 1511 sermonis
524 1461 642 1535 genus
661 1441 819 1511 maxime
845 1437 902 1510 bis
927 1443 1031 1510 novis
1056 1439 1218 1536 personis
1245 1449 1555 1512 consentaneum.

332 1553 505 1648 Plautina
520 1551 689 1651 quaedam
709 1579 797 1627 sane
817 1553 1005 1641 vocabula,
1030 1567 1069 1626 ut
1090 1581 1230 1654 aequum
1257 1570 1324 1645 est,
1361 1562 1552 1648 usurpant,

332 1669 410 1757 sed,
437 1691 518 1742 cum
545 1667 722 1742 locutioni
748 1695 821 1743 suae
847 1667 961 1742 multa
990 1670 1178 1766 popularia
1212 1669 1323 1742 verba
1352 1682 1389 1742 et
1420 1667 1559 1766 figuras

333 1783 440 1882 tudes
458 1783 590 1881 quibus
605 1783 797 1872 plebecula
810 1787 862 1856 uti
884 1783 976 1857 solet
992 1789 1233 1874 immisceant,
1253 1783 1396 1884 aliquid
1420 1785 1510 1856 novi
1524 1791 1560 1854 et

335 1897 582 1997 Hispaniense
601 1923 740 1972 sonans
754 1899 919 1972 afferunt.
939 1901 1033 1974 Cum
1052 1897 1233 1973 Parmeno
1243 1901 1436 1974 dominum
1453 1919 1559 1984 suum

336 2013 590 2089 adhortaturut
606 2015 720 2088 amori
736 2041 801 2088 suo
821 2013 1024 2110 indulgeat,
1038 2041 1226 2114 nunquam
1242 2000 1559 2112 intermittitquin

337 2155 461 2206 secum
481 2129 580 2206 dicat
596 2129 694 2204 hanc
707 2157 774 2206 usu
789 2131 954 2229 populari
975 2135 1097 2204 tritam
1117 2116 1337 2205 sententiam
1355 2166 1362 2204 ;
1388 2159 1408 2200 <<
1426 2155 1509 2204 esse
1525 2131 1561 2199 in

337 2271 436 2346 aqua
473 2245 618 2320 turbida
662 2245 783 2320 locum
831 2247 1073 2344 piscatoribus
1121 2247 1219 2320 unde
1266 2245 1404 2321 multos
1445 2249 1563 2343 pisces

338 2363 535 2460 capiant».
558 2363 637 2436 Nec
653 2362 772 2436 solum
793 2361 857 2434 illa
876 2363 1065 2459 proverbia
1085 2367 1122 2434 in
1142 2387 1309 2436 sermone
1342 2361 1562 2436 famulorum

339 2475 504 2551 invenies
536 2475 600 2549 sed
634 2481 746 2550 etiam
780 2475 862 2550 illos
894 2483 1046 2550 rusticos
1066 2477 1161 2550 sales
1194 2475 1329 2576 quibus
1363 2481 1461 2550 inter
1487 2499 1564 2548 sese

340 2590 515 2690 agricolae
540 2589 592 2665 uti
627 2591 758 2665 solent.
783 2593 860 2666 Nec
880 2593 993 2666 multa
1025 2591 1174 2664 releram
1208 2591 1378 2690 exempla
1415 2614 1564 2666 necesse

341 2707 503 2797 videtur3
525 2731 640 2780 unum
655 2719 692 2780 et
712 2705 863 2790 alterum
882 2709 1045 2779 retulisse
1074 2721 1129 2780 sat
1141 2711 1223 2780 erit.
1248 2707 1289 2780 Si
1312 2711 1397 2805 quis
1416 2728 1566 2805 pauper·

341 2833 454 2895 tatem
475 2825 565 2896 servi
591 2821 766 2919 jumentis
798 2823 968 2894 curandis
998 2821 1110 2895 dediti
1145 2823 1306 2896 deridere
1341 2824 1434 2910 vult,
1468 2823 1564 2894 bunc

344 2937 433 3010 dicit
466 2937 517 3009 nil
539 2940 609 3014 nisi
645 2935 795 3035 strigilis
823 2936 1001 3033 pulverem
1031 2937 1227 3033 possidere.
1261 2939 1302 3012 Si
1325 2943 1412 3038 quis
1447 2949 1566 3010 autem

344 3050 541 3148 quemdam
576 3075 701 3122 amore
721 3054 964 3123 insanientem
993 3053 1192 3148 depingere
1221 3057 1259 3124 in
1291 3057 1421 3126 animo
1442 3041 1564 3140 babet,

345 3165 442 3238 hanc
463 3163 609 3238 dicendi
638 3168 819 3236 rationem
839 3192 883 3238 ex
897 3191 961 3238 usu
976 3168 1136 3262 populari
1153 3193 1363 3264 expressam
1382 3168 1565 3242 inveniet:

348 3308 367 3348 <r
385 3277 427 3350 Si
448 3277 578 3351 lancea
598 3277 698 3350 illius
713 3283 870 3350 amantis
882 3267 1104 3376 trajiceretur
1119 3281 1225 3366 talus¹
1245 3279 1437 3358 cerebrum
1454 3311 1473 3357 e
1498 3281 1568 3356 talo

346 3391 467 3490 potius
497 3418 607 3490 quam
635 3417 655 3463 e
687 3391 807 3487 capite
834 3391 1076 3467 effunderetur
1093 3425 1125 3468 ›>.
1155 3396 1360 3470 Subtiliore
1381 3425 1484 3486 sane,
1509 3396 1569 3470 sed

347 3505 509 3603 ejusdem
546 3509 693 3602 generis
730 3529 894 3578 sermone
931 3507 1053 3584 [amuli
1087 3509 1235 3606 utentur
1261 3517 1324 3612 qui
1361 3517 1401 3586 in
1442 3516 1569 3585 nostris

346 3619 529 3694 florebunt
545 3619 751 3692 comoediis
986 3623 989 3632 ’

399 3735 476 3809 Nec
505 3735 610 3808 aliter
628 3733 826 3832 loquuntur
846 3737 958 3808 Elicia
978 3753 1013 3811 et
1044 3741 1181 3815 Areusa
1204 3771 1286 3841 quae
1309 3729 1352 3817 in
1384 3741 1570 3821 Celestz'rro

348 3849 583 3946 antiquitatis
605 3852 831 3921 meretricum
853 3849 969 3922 locum
985 3860 1108 3928 tenent
1127 3891 1133 3945 ;
1156 3859 1278 3930 verbis
1298 3865 1401 3932 erim
1421 3876 1457 3934 et
1479 3861 1570 3931 voci·

349 3965 418 4037 bus
438 3961 580 4060 plebem
598 3989 641 4034 ex
663 3987 736 4058 qua
752 3975 836 4034 ortae
864 3983 946 4036 sunt
980 3967 1154 4058 redolent.
1188 3973 1273 4044 Una
1314 3979 1354 4047 in
1394 4003 1430 4048 re
1452 3989 1570 4047 tamen

349 4079 462 4174 longe
494 4076 542 4148 ab
576 4076 737 4174 antiquis
769 4080 1012 4152 meretricibus
1045 4085 1217 4158 recedunt
1251 4091 1353 4185 quod
1385 4091 1433 4162 ab
1453 4115 1571 4160 aman·

348 4191 448 4266 tibus
477 4217 516 4263 se
550 4189 689 4290 negligi
727 4191 782 4263 vel
817 4194 925 4264 aliam
958 4195 1026 4266 sibi
1065 4200 1218 4294 praelerri
1256 4229 1334 4276 non
1372 4210 1567 4303 patiuntur.

349 4305 495 4382 Etenim
516 4309 546 4377 si
567 4319 710 4377 amator
741 4305 787 4378 ad
819 4299 928 4378 aliam
963 4315 1157 4406 quamdam
1179 4321 1350 4392 animum
1387 4321 1570 4394 deverterit

349 4419 593 4494 offensionem
615 4419 684 4490 s'ibi
705 4419 782 4491 lieri
800 4419 945 4510 ducunt,
986 4425 1117 4499 nedum
1138 4427 1236 4503 hanc
1264 4459 1341 4508 rem
1373 4451 1411 4509 ut
1431 4434 1571 4508 solitam

349 4537 494 4609 minimi
514 4537 620 4630 pretii
641 4545 769 4628 putent
788 4567 794 4622 ;
817 4549 850 4607 et
871 4563 999 4632 poenas
1019 4543 1222 4638 extempl0,⁴
1234 4561 1275 4618 ut
1305 4551 1416 4624 decet
1447 4551 1571 4645 Hispa·

350 4673 428 4738 naS,
453 4673 475 4720 a
490 4647 671 4744 proditore
682 4671 791 4744 quam
804 4655 1036 4745 gravissimas
1051 4665 1260 4755 repeterem
1278 4670 1412 4739 animo
1425 4666 1565 4749 habent,
