3416 5460
888 491 981 584 ,43
1004 539 1042 550 -

356 688 485 736 sonum
525 663 673 760 regebat
705 665 780 762 qui,
819 663 905 736 dum
938 669 1010 738 tuis
1049 669 1117 737 mei
1157 663 1252 740 o'culi
1282 682 1492 765 pascuntur,
1529 668 1570 740 ad

354 793 495 876 tempus
523 784 683 852 evanuit.
724 780 815 872 Quae
837 779 968 871 ‘mollia
1007 796 1042 853 et
1085 781 1295 856 dulcissima
1335 789 1504 880 quamvis
1537 785 1570 856 ih

353 895 545 969 licentiora
563 909 599 968 et
619 895 734 992 turpia
760 896 941 981 desinant,
973 901 1089 992 prima
1117 910 1241 971 tamen
1276 899 1400 972 haberi
1422 917 1570 998 possunt

350 1011 482 1110 quibus
497 1011 569 1086 'duo
585 1011 747 1109 juvenes
771 1017 828 1086 cui
849 1037 963 1084 rerum
986 1027 1114 1085 natura
1141 1013 1360 1088 obscuritate
1379 1031 1415 1088 et
1443 1021 1567 1089 nescio

351 1155 424 1226 quo
442 1127 647 1201 fascinante
662 1139 697 1200 et
713 1127 888 1201 ineflabili
906 1127 1091 1201 lenocinio
1102 1127 1219 1202 lavere
1239 1130 1388 1217 videtur,
1403 1141 1567 1204 amantes

348 1259 384 1316 et
411 1243 501 1316 nihil
537 1247 605 1316 nisi
639 1271 797 1317 amorem
819 1247 1052 1339 respicientes
1073 1249 1297 1318 suavissimis
1320 1245 1565 1344 depingantur

348 1359 543 1433 coloribus.
561 1359 714 1432 Talibus
733 1386 827 1456 saepe
852 1363 973 1430 scenis
992 1376 1027 1431 et
1045 1361 1288 1447 Sliakespeare
1304 1377 1338 1434 et
1351 1368 1565 1436 recentiores

225 1470 230 1481 ’
347 1488 466 1574 poetae
497 1478 596 1548 varia
633 1475 775 1549 lortuna
802 1489 959 1564 utentur,
996 1475 1059 1547 sed
1095 1476 1301 1564 celeninae,
1344 1482 1412 1550 etsi
1447 1479 1564 1552 nullas

344 1593 480 1690 gratias
500 1591 712 1690 plerumque
741 1589 938 1680 debebunt,
976 1591 1253 1687 pulcherrimam
1288 1595 1384 1668 haud
1412 1593 1562 1690 eripient

343 1705 502 1788 laudem.

393 1823 470 1897 Nec
498 1827 619 1896 minus
646 1847 813 1919 personae
843 1853 923 1923 quae
956 1829 992 1896 in
1024 1823 1168 1902 theatro
1200 1823 1325 1897 humili
1355 1825 1437 1898 loco
1456 1837 1560 1900 natos

342 1940 510 2030 referunt,
548 1965 756 2036 quanquam
788 1967 809 2012 a
835 1945 953 2037 poetis
972 1939 1240 2036 antiquioribus
1273 1940 1556 2037 proficiscuntur,

341 2060 499 2154 speciem
520 2054 717 2154 quamdam
739 2054 876 2128 habent
901 2057 1025 2153 aliqua
1045 2071 1145 2152 parte
1161 2081 1294 2129 novam
1330 2061 1368 2128 in
1389 2081 1463 2156 qua
1481 2083 1557 2156 pro·

339 2175 437 2270 prius
454 2173 645 2270 Hispaniae
662 2185 696 2243 et
712 2161 930 2246 ¹vernaculus
945 2197 1052 2267 sapor
1071 2171 1291 2268 deprehendi
1308 2171 1415 2245 facile
1425 2187 1552 2270 potest.

339 2288 448 2380 Quod
469 2287 565 2360 clare
580 2285 738 2359 elucebit
765 2291 794 2357 si
816 2289 910 2359 inter
929 2311 967 2358 se
988 2285 1307 2384 Pyrgopolinicem
1329 2287 1432 2360 illum
1452 2287 1555 2362 Plau·

336 2407 453 2477 tinum
493 2402 643 2474 militem
675 2417 709 2473 et
754 2401 1013 2494 Centurionem
1044 2403 1251 2474 contuleris.
1287 2402 1435 2476 Habent
1463 2421 1554 2478 certe

335 2518 512 2616 permulta
539 2523 635 2590 inter
655 2543 693 2590 se
714 2521 923 2590 communia
943 2531 978 2590 et
998 2520 1174 2614 imprimis
1202 2515 1302 2589 illam
1317 2517 1555 2617 vaniloquen·

334 2641 422 2709 tiam
444 2661 527 2736 qua,
558 2661 640 2708 cum
660 2635 705 2707 de
726 2661 764 2707 se
785 2639 874 2732 ipsis
905 2635 1112 2732 loquuntur,
1138 2646 1307 2724 utuntur3
1344 2635 1408 2707 sed
1427 2637 1482 2709 vel
1516 2642 1551 2710 in

333 2753 401 2825 hac
444 2767 544 2850 parte
579 2750 760 2825 Centurio
811 2765 976 2846 praestare
1028 2749 1168 2823 videtur
1210 2763 1245 2821 et
1277 2748 1552 2846 jactantioribus

332 2869 453 2942 adhuc
479 2868 598 2941 verbis
610 2866 672 2957 uti,
697 2881 735 2939 ut
769 2866 872 2938 decet
893 2866 1079 2938 hominem
1101 2869 1139 2938 in
1160 2867 1343 2962 Hispania
1369 2883 1548 2943 versatum

331 2983 392 3058 ubi
427 3009 567 3080 semper
594 3009 650 3055 res
683 2981 841 3054 dicendo
870 2995 1060 3078 augentur,
1083 2980 1145 3053 ubi
1175 2979 1267 3052 nihil
1296 2980 1351 3053 vel
1391 2983 1462 3056 dici
1495 2985 1548 3058 vel

330 3099 437 3196 scribi
470 3111 588 3196 potest
618 3096 705 3196 quin
744 3096 878 3170 elatum
914 3109 948 3169 et
978 3095 1157 3168 tumidum
1191 3094 1266 3184 liat,
1309 3095 1371 3168 ubi
1406 3097 1548 3174 demum

330 3241 438 3313 nemo
476 3227 530 3288 est
562 3217 623 3310 qui
652 3239 739 3302 non,
777 3211 856 3312 lege
877 3210 1035 3309 quadam
1058 3225 1206 3300 naturae,
1244 3211 1301 3283 vel
1333 3216 1371 3284 in
1410 3215 1547 3313 vulgari

328 3356 494 3404 sermone
506 3327 734 3426 ampulletur.
753 3329 833 3425 Jam
846 3329 943 3400 enim
963 3331 1000 3397 in
1019 3357 1036 3395 «
1051 3329 1266 3399 Romancero
1280 3355 1297 3396 »
1310 3353 1390 3400 sese
1401 3329 1546 3426 gloriari

327 3453 533 3528 immodicis
545 3451 817 3525 laudationibus
832 3451 949 3524 solent
964 3455 1097 3547 quippe
1114 3455 1175 3548 qui
1194 3477 1267 3522 non
1279 3451 1449 3526 dubitent
1466 3455 1543 3527 haec

326 3585 361 3644 et
394 3571 483 3643 talia
513 3569 662 3640 dicere:
699 3571 822 3638 «satis
855 3593 934 3638 esse
965 3567 1089 3638 decem
1121 3554 1308 3663 Hispanos
1346 3568 1392 3640 ad
1422 3568 1537 3667 profli-

323 3689 468 3784 gandos
506 3683 605 3755 mille
650 3684 817 3755 homines
834 3713 863 3766 ›>,
913 3682 1004 3754 vel:
1043 3685 1113 3754 «si
1148 3695 1294 3754 centum
1333 3696 1369 3756 et
1413 3687 1555 3782 viginti·

327 3802 482 3908 Hispani
509 3801 694 3874 caedantur
726 3797 935 3896 quindecim
983 3796 1098 3868 millia
1141 3797 1351 3871 Maurorum
1394 3825 1541 3873 necesse

323 3947 402 3995 esse
424 3952 460 3993 ».
490 3919 570 3991 Hoc
591 3917 738 3989 dicendi
758 3941 876 4012 genus
895 3914 988 3987 adeo
1008 3913 1174 3987 innatum
1194 3917 1427 4014 insitumque.
1440 3915 1554 4016 apud·

325 4040 511 4133 Hispanos
543 4052 597 4107 est
633 4045 672 4104 ut
706 4027 805 4104 Galli
836 4031 988 4140 uerbum
1035 4033 1168 4103 novum
1216 4043 1251 4104 et
1285 4035 1392 4130 quasi
1417 4027 1554 4130 hispal-³

322 4157 449 4226 niense
482 4150 528 4222 ad
565 4147 744 4246 gloriosos
785 4145 867 4219 illos
904 4144 1039 4232 milites
1082 4143 1347 4242 significandos
1397 4151 1538 4246 excogi-

320 4268 583 4363 taverintquos
602 4262 713 4360 vulgo
733 4292 751 4331 «
774 4263 997 4335 Matamores
1017 4291 1036 4331 »
1067 4261 1207 4335 dicunt.
1232 4261 1414 4338 Centurio
1432 4267 1538 4363 igitur

174 4408 181 4422 ·
207 4461 210 4470 Δ
320 4399 441 4459 noster
460 4383 511 4455 nil
528 4384 598 4454 nisi
611 4378 763 4451 brachia
781 4377 895 4450 tracta
914 4389 950 4452 et
968 4375 1133 4451 membra
1150 4388 1257 4476 rupta
1275 4367 1400 4477 crepat
1417 4414 1425 4474 3
1443 4382 1530 4469 ensi,

318 4506 348 4576 si
369 4503 516 4598 egregie
535 4495 631 4569 lacta
650 4519 817 4567 enarrare
849 4498 975 4592 possit,
1009 4518 1197 4592 nunquam
1227 4506 1370 4592 tempus
1399 4494 1532 4570 affatim

316 4621 410 4709 fore3
429 4642 468 4690 se
481 4613 613 4688 baculo
632 4637 726 4708 saepe
748 4609 799 4717 uti
830 4623 870 4684 ut
902 4622 1019 4684 cesset
1053 4610 1254 4709 aliquando
1272 4614 1396 4710 ensisj
1418 4635 1481 4715 per
1496 4635 1532 4686 se

317 4737 433 4844 ipsum
453 4731 593 4830 impleri
614 4725 806 4826 sepulchra
837 4731 924 4826 quia
955 4725 1099 4801 lacilius
1113 4725 1244 4800 sit—noli
1264 4723 1418 4804 cursum*
1430 4733 1542 4806 sulib
