3388 5458
851 475 1018 559 ..96-

313 665 491 740 magnum
520 650 829 737 consequerentur
861 639 994 713 locum.
1036 637 1155 714 Valde
1193 641 1304 736 igitur
1345 639 1540 717 Celestinoe

313 755 489 854 exemplis
500 758 681 830 contraria
703 752 775 830 Gt'l
795 755 828 828 V
826 753 939 828 z’cente
954 754 1135 829 imitanda
1149 754 1316 852 praebuit,
1333 755 1429 853 quod
1441 771 1543 833 certo

312 885 349 945 te
368 871 549 946 desiderio
579 867 711 943 afficiet
730 869 758 942 si
784 867 932 968 quidem
952 882 1072 944 tecum
1092 869 1311 968 reputaveris
1335 871 1435 944 nulla
1456 899 1541 946 eurn

314 992 352 1060 in
371 1001 472 1086 parte
496 986 632 1083 majore
651 985 762 1060 luisse
778 989 815 1058 in
829 985 986 1082 jocando
1002 979 1123 1082 lepore
1138 1011 1247 1083 quam
1262 985 1299 1058 in
1321 1015 1339 1054 «
1362 991 1492 1060 saturis
1517 1019 1539 1058 »

313 1102 415 1201 cujus
435 1117 663 1176 momentum
684 1105 787 1200 quasi
803 1100 942 1175 nullum
964 1105 1001 1174 in
1019 1101 1201 1198 Hispania
1219 1103 1346 1176 evasit.
1372 1103 1542 1177 Facetias

314 1219 412 1292 enim
432 1218 565 1316 quibus
589 1217 831 1306 faeneratores,
856 1216 1030 1307 medicos
1061 1217 1267 1316 astrologos
1286 1229 1322 1290 et
1338 1219 1545 1292 monachos

314 1333 437 1407 irridet
460 1338 677 1408 recentiores
695 1336 925 1430 grammatici
948 1331 1219 1406 meditabantur
1249 1337 1326 1431 qui,
1347 1334 1542 1408 verborum

315 1450 617 1524 immoderatione
651 1449 748 1538 elati,
783 1448 938 1522 Moliero
969 1461 1093 1522 nostro
1114 1449 1328 1523 lusitanum
1356 1454 1542 1524 comicum

314 1591 526 1664 comparare
546 1592 620 1639 non
640 1563 911 1638 dubitaverunt.
931 1565 1012 1640 Hoc
1031 1589 1116 1639 vero
1135 1564 1288 1639 feliciter
1302 1570 1425 1640 evenit
1439 1565 1544 1664 quod

313 1679 410 1777 apud
453 1681 640 1778 Hispanos
668 1679 899 1753 incredibiles
937 1679 1072 1753 labulae
1110 1679 1270 1754 veritatis
1302 1679 1421 1754 studio
1459 1707 1539 1753 non

314 1799 429 1869 nimio
439 1800 593 1893 primum
604 1796 746 1871 luerunt
759 1795 988 1869 detrimento.
998 1796 1140 1870 Decimi
1153 1796 1251 1870 enim
1266 1811 1302 1870 et
1313 1796 1402 1871 sexti
1415 1797 1541 1871 saeculi

315 1916 515 2010 scriptores¹
537 1912 612 1987 sive
629 1912 803 2001 versibus,
828 1915 903 1986 sive
927 1911 1046 1986 soluta
1066 1916 1121 1986 usi
1151 1926 1235 1987 sunt
1255 1917 1430 2004 oratione,
1454 1913 1541 1986 Fer-

318 2028 431 2100 nandi
460 2031 504 2102 de
528 2028 643 2128 Rojas
667 2042 779 2101 artem
809 2028 933 2127 aliquo
961 2028 1071 2102 modo
1095 2042 1325 2103 servaverunt
1351 2042 1387 2103 et
1420 2032 1544 2126 poetis

318 2143 543 2217 tradiderunt
562 2142 623 2241 qui
644 2169 665 2216 a
684 2143 776 2240 Lupe
793 2145 836 2215 de
858 2145 953 2244 Vaga
972 2143 1120 2240 proiecti
1141 2149 1179 2217 in
1200 2149 1295 2218 veris
1314 2156 1350 2218 et
1369 2143 1544 2242 ingenuis

318 2263 411 2333 sicut
441 2263 478 2332 in
497 2259 592 2331 fictis
624 2271 660 2331 et
685 2257 786 2332 falsis
817 2283 933 2331 rerum
967 2273 1003 2332 et
1025 2259 1213 2334 hominum
1234 2259 1458 2358 imaginibus
1476 2260 1542 2332 de-

322 2375 518 2473 pingendis
532 2387 585 2448 tot
609 2387 644 2448 et
667 2386 742 2447 tam
764 2374 927 2448 diversas
955 2375 1158 2450 comoedias
1187 2380 1351 2450 certatim
1372 2400 1542 2474 compos-

313 2503 459 2566 nerunt.

363 2606 496 2680 Nonne
524 2630 641 2680 mores
661 2619 696 2679 et
726 2609 878 2704 ingenia
894 2607 978 2680 viva
1005 2608 1079 2706 jam
1112 2611 1262 2682 veritate
1283 2606 1344 2680 ille
1377 2609 1544 2679 imitatur

313 2726 375 2820 qui
410 2721 675 2820 Propaladz‘am
704 2726 847 2820 scripsit
862 2735 897 2796 et
916 2723 1052 2820 primus
1080 2723 1275 2797 comoediae
1295 2722 1342 2796 ab
1359 2723 1541 2818 Hispanis

312 2867 331 2908 <r
347 2840 391 2912 de
404 2852 490 2938 capa
504 2865 535 2938 y
552 2841 685 2938 espada
704 2869 723 2909 »
757 2837 869 2913 dictae
889 2839 1111 2938 propemodo
1140 2839 1336 2938 perlectam
1366 2837 1541 2935 figuravit

312 2956 495 3030 formam?
530 2955 623 3029 Cum
644 2967 765 3028 autem
788 2954 903 3028 ltalici
923 2969 1037 3053 poetae
1067 2981 1174 3054 aeque
1206 2981 1249 3028 ac
1280 2956 1318 3028 F
1318 2953 1475 3027 ernaudo
1493 2953 1542 3024 de

312 3072 426 3171 Rojas
441 3072 538 3170 apud
550 3071 820 3146 Bartolomeum
839 3072 870 3143 T
865 3098 968 3145 orrea
984 3073 1155 3146 Naharro
1168 3070 1321 3145 multum
1337 3069 1533 3148 valuerint,

312 3213 429 3286 operae
448 3190 603 3285 pretium
622 3199 677 3260 est
698 3188 785 3284 quid
806 3187 1055 3261 Romanorum
1077 3187 1137 3260 ille
1153 3199 1188 3260 et
1208 3184 1540 3284 Neapolitanorum

312 3307 478 3378 societati
499 3303 662 3377 debuerit
675 3316 761 3377 ante
782 3307 907 3376 omnia
926 3307 1119 3402 inquirere.
1137 3303 1231 3376 Mihi
1248 3301 1396 3401 quidem
1414 3299 1544 3374 videor

313 3421 350 3494 in
380 3417 610 3518 Propaladz'a
629 3419 838 3492 subtiliores
870 3420 1049 3493 interdum
1070 3418 1189 3493 videre
1205 3418 1344 3492 colores
1364 3417 1496 3516 quibus
1516 3441 1542 3488 a

312 3535 509 3609 Petrarcho
541 3533 692 3632 ejusque
729 3533 919 3632 discipulis
952 3551 1092 3608 amores
1135 3533 1392 3632 depinguntur,
1419 3558 1542 3629 neque

308 3673 458 3748 'possum
492 3650 580 3746 quin
616 3649 821 3722 italicorum
870 3653 1190 3746 grammaticorum
1225 3649 1429 3724 doctrinam
1464 3673 1540 3719 me-

311 3789 448 3839 morem
482 3766 566 3839 dum
596 3769 632 3837 in
664 3765 788 3839 [abula
837 3764 1068 3862 disponenda
1100 3765 1234 3863 justum
1271 3777 1307 3838 et
1332 3764 1538 3861 legitimum

311 3881 470 3955 admiror
493 3881 685 3990 'ordinem
1139 3880 1144 3892 '

360 4001 446 4094 Quo
467 3997 577 4073 modo
614 4001 796 4095 exquisita
825 4010 860 4070 et
880 3999 1014 4070 eximia
1048 3999 1181 4070 amoris
1200 4009 1237 4069 et
1256 3994 1539 4094 pulchritudinis

310 4117 450 4213 species
474 4141 495 4188 e
523 4113 644 4212 lyricis
679 4113 850 4186 Italorum
884 4110 1045 4186 versibus
1080 4117 1118 4184 in
1152 4111 1373 4185 dramaticos
1403 4111 1537 4207 Hispa-

311 4255 440 4306 norum
464 4229 633 4327 dialogos
665 4232 847 4302 transierit
880 4227 1023 4302 lacilius
1056 4227 1240 4325 intelliges
1269 4233 1299 4301 si
1320 4226 1537 4326 opusculum

310 4345 398 4420 illud
444 4345 575 4443 legeris
619 4345 716 4442 quod
757 4375 774 4414 «
794 4343 964 4418 Cuestion
990 4347 1033 4417 de
1057 4345 1171 4418 Amor
1198 4375 1216 4414 ›>
1255 4344 1463 4418 inscribitur
1500 4356 1540 4416 et

311 4465 404 4536 inter
427 4487 564 4535 annum
597 4461 797 4534 MDCVlll
814 4473 849 4533 et
870 4486 1008 4533 annum
1023 4461 1172 4533 MDXH
1203 4461 1443 4559 compositum
1464 4476 1534 4532 est.

312 4579 368 4653 Ne
402 4603 568 4652 curemus
590 4601 663 4676 qua
691 4580 840 4650 veritate
861 4575 1188 4674 Neapolitanorum
1208 4576 1405 4651 aulicorum
1422 4579 1537 4650 vitam

206 4727 213 4740 ·
311 4694 501 4794 depingat,
552 4693 599 4769 ad
645 4717 830 4768 sermones
869 4691 1124 4767 tantummodo
1169 4707 1206 4766 et
1251 4694 1423 4792 epistolas
1466 4719 1538 4767 nos
