3416 5460
711 459 870 525 ..19-

186 608 297 678 etiam
322 629 481 678 amorem
510 629 589 678 esse
615 629 807 701 perquem
837 603 953 677 Musis
985 604 1097 678 dediti
1122 628 1188 678 sua
1224 603 1408 678 mirabilia

185 747 295 819 opera
305 726 514 818 excogitent
529 734 564 793 et
579 720 709 811 edant;
732 745 812 793 esse
841 720 969 794 saltem
1005 725 1043 793 in
1077 721 1237 794 amando
1253 719 1405 818 aliquid

186 841 300 910 amari
325 849 363 911 ut
392 837 535 935 plenius
554 835 721 932 voluptas
748 840 977 934 percipiatur.
1016 839 1118 926 Haec‚
1157 849 1196 911 ut
1231 836 1401 924 diximus

185 979 266 1026 cum
300 979 441 1028 summo
470 953 589 1050 lepore
622 967 716 1042 sunt,
759 954 823 1026 sed
856 959 976 1052 potius
1007 958 1101 1026 inter
1134 953 1264 1052 lyricas
1294 977 1404 1050 quam

185 1073 351 1143 scenicas
380 1073 613 1142 inventiones
645 1070 923 1143 annumeranda
942 1081 978 1144 et
995 1069 1032 1142 in
1050 1071 1261 1141 memoriam
1282 1072 1311 1139 si
1330 1093 1404 1140 non

184 1199 300 1260 totum
316 1185 383 1258 sub
399 1189 547 1258 nomine
570 1187 674 1258 Rosae
693 1189 866 1283 scriptum
886 1212 1025 1285 poema,
1048 1183 1175 1258 saltem
1196 1188 1406 1280 primam-et

183 1303 447 1400 lepidissimam
469 1301 574 1399 hujus
588 1315 727 1398 partem
743 1316 927 1378 revocant.

234 1418 302 1492 Vel
324 1422 484 1491 maxime
504 1419 552 1490 ab
568 1417 631 1490 illo
647 1418 808 1517 Dialogo
824 1419 1019 1492 abhorrent
1032 1416 1107 1490 illae
1123 1428 1222 1490 notae
1233 1445 1251 1486 ‹<
1271 1416 1405 1514 Coplas

181 1538 225 1608 de
257 1533 387 1634 Mingo
419 1535 584 1633 Revulgo
613 1565 630 1603 »
661 1559 752 1631 quas
778 1535 905 1607 dicunt
932 1560 998 1608 nec
1026 1533 1112 1630 jure,
1147 1559 1229 1632 mea
1255 1532 1404 1632 quidem

181 1655 375 1741 sententia,
391 1650 576 1723 abeodem
591 1663 736 1723 auctore
752 1655 904 1748 scriptas
918 1676 1010 1740 esse,
1029 1675 1121 1748 quas
1134 1675 1217 1722 vero
1231 1648 1405 1722 libentius

180 1766 408 1866 Johanni‘de
422 1767 530 1838 Mena
550 1765 761 1840 tribuendas
781 1779 867 1865 puto
890 1765 954 1862 (1).
979 1767 1074 1838 Haec
1093 1768 1192 1837 enim
1213 1764 1405 1837 incondita

180 1885 277 1978 regis
298 1881 446 1954 Henrici
478 1883 527 1954 lV
553 1881 663 1954 satira
690 1881 804 1954 libelli
836 1886 874 1953 in
904 1883 1090 1970 hominem
1113 1880 1221 1954 rebus
1246 1878 1403 1977 publicis

180 1997 343 2071 deditum
379 1996 542 2070 habitum
576 1999 720 2096 praelert
755 2011 801 2083 et,
828 2024 909 2072 cum
942 2025 964 2070 a
992 2000 1223 2096 paucissimis
1260 2007 1403 2068 tantum

180 2111 335 2210 intelligi
350 2117 473 2210 possit,
490 2113 709 2186 asacerdote
729 2119 862 2211 scripta
878 2139 957 2187 esse
967 2115 1119 2186 videtur.
1144 2111 1223 2185 Sub
1243 2115 1402 2209 speciem

181 2241 337 2326 quatuor
352 2254 484 2302 canum
509 2255 593 2326 quae
614 2228 687 2326 jam
709 2253 781 2301 non
803 2234 924 2327 pecori
944 2229 1057 2302 ullam
1079 2253 1202 2301 curam
1225 2226 1403 2299 adhibent

180 2362 336 2442 quatuor
363 2347 512 2418 virtutes
548 2345 751 2442 praecipuas
785 2345 988 2418 describere
1021 2344 1161 2418 videtur
1198 2356 1234 2416 et
1264 2356 1401 2440 septem

179 2463 341 2556 peccatis
354 2460 577 2557 gravissimis
597 2460 761 2534 habitum
779 2464 843 2535 dat
861 2461 1013 2534 totidem
1029 2460 1201 2534 ferocium
1222 2458 1400 2556 luporum.

181 2576 276 2648 Haec
294 2575 382 2648 satis
398 2579 440 2674 1ηΥ
455 2577 700 2674 excogitando
725 2577 870 2668 lacilia;
893 2590 1013 2650 cetera
1031 2603 1115 2650 vero
1143 2575 1308 2663 obscura,
1337 2573 1402 2647 ab·
1476 2643 1480 2657 ,

178 2689 348 2764 scondita
377 2718 461 2790 quae
491 2717 566 2766 non
598 2691 705 2766 lacile
739 2693 963 2789 cogitatione
992 2691 1048 2766 vel
1077 2695 1203 2788 sagaci
1224 2693 1398 2786 attingas

179 2807 413 2906 Ceteroquin,
437 2807 474 2880 in
489 2812 695 2882 universum
719 2811 930 2898 aestimanti‚
955 2809 1179 2906 colloquium
1198 2805 1288 2879 illud
1309 2808 1404 2878 inter

177 2924 350 3020 populum
377 2924 445 2997 sub
483 2929 645 3021 imagine
677 2930 831 3022 pastoris
863 2923 996 3024 Mz'ngo
1019 2926 1183 3024 Reurclgo
1208 2923 1334 2996 fictum
1363 2936 1399 2993 et

176 3043 452 3114 vaticinatorcm
467 3041 661 3138 quemdam
680 3040 752 3116 Gz'l
767 3040 943 3115 Arrz'bato
962 3040 1131 3114 subtilius
1150 3050 1206 3112 est
1231 3063 1341 3137 quam
1362 3052 1400 3110 ut

178 3155 332 3229 multum
366 3157 472 3230 rebus
509 3159 664 3230 scenicis
704 3155 750 3229 de
786 3183 939 3255 quarum
991 3156 1131 3253 origine
1171 3156 1401 3252 disputamus
1447 3231 1448 3235 ,

177 3271 345 3345 tribuisse
364 3277 491 3370 possit.
510 3273 659 3371 Aliquid
671 3291 791 3346 autem
806 3273 970 3346 attulisse
987 3272 1039 3344 illi
1057 3271 1233 3369 Ecglogae
1245 3297 1267 3343 a
1280 3271 1317 3344 F
1318 3296 1401 3342 ran-

176 3386 270 3460 cz'sco
299 3390 342 3460 de
370 3387 530 3460 Madrz'd
549 3393 694 3485 scriptae
723 3389 955 3462 verisimilius
974 3401 1030 3462 est
1062 3414 1146 3484 quae
1176 3386 1243 3460 sub
1273 3385 1402 3459 habitu

177 3503 347 3599 pastorali
375 3529 503 3600 regem
528 3505 747 3577 Francorum
798 3504 969 3577 Carolum
1004 3504 1090 3577 Vlll
1121 3507 1178 3575 cui
1221 3501 1400 3574 indictum

177 3644 312 3692 nomen
331 3633 384 3692 est
403 3618 560 3718 Pelz'gro
582 3620 821 3716 (Periculum)
845 3639 879 3692 et
900 3645 1022 3716 regem
1050 3617 1243 3716 Hispaniae
1265 3619 1401 3691 Forlu·

175 3736 266 3806 nacla
285 3733 554 3831 (Fortunatum)
590 3735 812 3832 appellatum
844 3734 1016 3807 ostendit.
1050 3735 1132 3808 Hoc
1165 3750 1287 3808 autem
1308 3756 1399 3828 opus

177 3850 420 3947 extemporalc
440 3863 474 3923 et
499 3877 544 3922 ex
564 3851 670 3924 rebus
702 3851 944 3948 praesentibus
965 3869 1091 3922 natum
1117 3848 1208 3921 nihil
1234 3847 1315 3921 novi
1338 3861 1401 3920 aut

180 3966 335 4039 inauditi
352 3965 455 4040 affert
474 3979 520 4056 et,
538 3971 713 4064 quoniam
737 3966 786 4038 ibi
808 3991 864 4039 res
884 3993 957 4039 non
979 3970 1087 4039 rectis
1108 3963 1318 4038 nominibus
1338 3961 1401 4036 sed

209 4225 245 4284 (1)
260 4221 286 4269 ln
301 4223 411 4283 Dialogi
427 4221 539 4270 editione
553 4239 622 4272 anno
639 4221 781 4270 lllDLXlX
806 4221 911 4287 vulgata
926 4223 1046 4284 (Modina
1069 4223 1111 4269 del
1136 4222 1248 4284 Campo),
1265 4219 1403 4268 Francisco

177 4303 219 4350 del
241 4303 329 4363 Canto,
345 4301 415 4350 nulla
429 4317 507 4352 causa
519 4302 631 4351 adhibita
647 4301 754 4366 Rodrigi
777 4304 808 4350 de
837 4305 899 4352 Cota
914 4302 1012 4350 nomini
1024 4309 1050 4350 et
1066 4301 1210 4368 Ecglogam
1229 4317 1305 4362 «qne
1327 4301 1401 4346 dicen

176 4383 495 4443 deMingoRevulgoiet
511 4382 619 4446 primum
639 4384 773 4431 Celestinae
789 4389 873 4431 actum
894 4381 997 4431 addicit.
1024 4381 1090 4430 Cum
1114 4389 1198 4430 autem
1221 4379 1347 4445 poematis
1365 4377 1402 4427 sui

176 4478 192 4513 ‹
205 4463 273 4510 dela
290 4465 442 4511 Coronacion
458 4479 472 4512 r>
489 4463 724 4528 mterpretationem
741 4472 765 4511 et
788 4463 874 4512 Iliadis
889 4462 1030 4526 epitomum
1046 4463 1161 4524 Jurmde
1175 4463 1251 4510 Mena
1264 4459 1402 4528 scripserit,

176 4543 257 4591 nimia
271 4549 295 4590 et
306 4541 430 4607 impedita
444 4543 583 4594 eruditione
596 4543 718 4592 delectari
728 4543 826 4592 videtur
840 4559 897 4607 quae
917 4542 978 4590 nihil
996 4542 1029 4590 ad
1052 4541 1241 4607 lepidissimum
1261 4539 1399 4606 Diulogum

100 4617 105 4628 ⁴
175 4639 192 4674 c
207 4628 279 4672 entre
294 4624 319 4671 el
337 4623 412 4672 Amor
423 4642 442 4686 y
462 4640 498 4671 un
526 4625 596 4688 Viejo
616 4639 637 4681 r,
662 4623 769 4672 multum
786 4639 845 4672 vero
864 4623 898 4672 ad
913 4623 1033 4672 confusas
1050 4623 1165 4686 «Copias
1180 4621 1405 4684 »componenda3

176 4704 253 4754 valet.
