3416 5460
752 523 908 587 -n-

215 670 371 746 fructum
398 673 600 768 perveniret
623 673 693 744 nisi
714 695 799 769 quae
827 682 915 742 tunc
950 671 987 739 in
1027 666 1272 741 salmantinis
1302 668 1439 742 scholis

215 786 385 861 florerent
422 785 488 858 tibi
510 800 632 858 essent
649 809 759 858 curae.
778 783 887 858 Haud
907 797 1031 855 tamen
1051 782 1181 856 trustra
1199 796 1253 856 tot
1271 785 1439 882 exempla

216 917 251 976 et
271 917 489 999 argumenta
514 925 559 973 ex
586 904 820 997 antiquorum
846 898 947 971 libris
962 912 1083 973 erutas
1104 913 1170 970 unt
1189 911 1224 972 et
1245 911 1433 995 congesta,

216 1022 351 1117 quippe
389 1043 474 1115 quae
503 1020 659 1115 primum
696 1013 835 1113 aliquid
868 1013 1090 1087 edisserendi
1114 1025 1228 1086 artem
1251 1015 1437 1111 Hispanos

217 1134 346 1208 docere
367 1132 558 1223 valuerint,
584 1143 783 1229 posteaque
808 1129 936 1203 eadem
962 1134 1054 1202 mira
1083 1130 1295 1204 diversitate
1323 1155 1438 1229 usque

215 1247 313 1348 apud
334 1277 354 1318 c
375 1273 537 1322 aureae»
571 1249 693 1320 aetatis
728 1245 948 1319 dramaticos
967 1259 1093 1342 poetas
1113 1271 1188 1317 non
1216 1245 1434 1319 mediocrem

216 1365 409 1441 habuerint
429 1365 563 1439 locum.
595 1363 692 1456 Quae
714 1388 799 1435 vero
827 1389 847 1434 e
877 1360 1018 1435 Graecis
1048 1377 1109 1434 aut
1133 1363 1257 1436 latinis
1276 1361 1438 1435 [ontibus

217 1481 329 1579 Rojas
347 1481 467 1553 hausit
487 1479 598 1576 longe
618 1491 703 1552 sunt
722 1491 761 1552 ut
781 1477 913 1552 vividis
932 1490 968 1550 et
989 1476 1194 1551 recentibus
1220 1481 1324 1576 aquis
1343 1503 1439 1550 com-

216 1601 294 1694 pari
315 1599 455 1693 possint
469 1619 554 1692 quae
575 1619 594 1665 e
614 1618 681 1667 suo
701 1605 841 1667 tantum
866 1606 901 1665 et
931 1592 1072 1690 proprio
1102 1595 1178 1665 rivo
1208 1590 1437 1665 effluxerunt.

219 1712 290 1786 Cui
311 1713 506 1786 sententiae
528 1736 602 1783 non
622 1707 860 1784 adversabere
881 1719 1074 1806 postquam
1095 1707 1181 1806 quid
1203 1707 1286 1781 novi
1302 1711 1340 1780 in
1365 1733 1440 1806 per-

217 1830 319 1900 sonis
338 1823 525 1925 fingendis
546 1824 736 1900 Celestina
755 1823 914 1897 attulerit
939 1835 1078 1897 attente
1099 1823 1340 1920 inquisiveris.

268 1938 534 2038 Nonequidem
546 1944 806 2036 ignoroamore
817 1938 1015 2036 flagrantes
1028 1953 1063 2012 et
1075 1943 1440 2038 omnisimpatientes

218 2059 445 2132 auctoritatis
477 2055 627 2153 juvenes
656 2081 792 2152 magno
825 2081 924 2152 saepe
954 2081 1035 2129 cum
1070 2055 1191 2152 lepore
1222 2057 1437 2129 aTerentio

217 2197 407 2272 expressos
431 2199 532 2262 esse;
563 2171 626 2245 sed
648 2171 761 2246 multo
782 2175 900 2269 magis
919 2176 1029 2246 variis
1044 2186 1090 2261 et,
1115 2177 1296 2270 quamvis,
1331 2187 1368 2246 ut
1388 2176 1439 2245 ita

217 2292 356 2376 dicam,
378 2288 688 2386 hispaniensiores
721 2287 902 2362 interdum
923 2301 1135 2386 appareant,
1172 2291 1290 2386 magis
1313 2301 1438 2362 tamen

218 2405 408 2478 hominum
429 2405 591 2477 omnium
613 2417 649 2478 et
673 2407 874 2501 praesertim
893 2408 1133 2478 recentiorum
1154 2403 1276 2477 studio
1297 2429 1438 2478 accom-

218 2518 377 2594 modatis
389 2517 570 2593 coloribus
590 2519 770 2593 Calistum
790 2518 998 2616 depinctum
1009 2545 1089 2593 esse
1107 2518 1276 2592 fateberis
1291 2524 1320 2594 si
1341 2520 1439 2618 prius

218 2661 293 2734 quo
312 2633 373 2708 ille
392 2635 502 2708 modo
521 2661 681 2709 amorem
697 2639 896 2733 susceperit
910 2651 945 2708 et
964 2635 1041 2731 ipse
1056 2660 1119 2732 per
1131 2635 1265 2734 gradus
1279 2635 1440 2709 concita·

217 2755 308 2825 verit
342 2755 525 2849 percipere
558 2751 726 2826 volueris
752 2752 953 2848 Postquam
978 2755 1016 2822 in
1038 2751 1196 2824 Pleberii
1231 2751 1373 2826 hortum
1393 2753 1440 2824 ad

217 2867 402 2942 evolatum
423 2866 603 2942 falconem
622 2866 909 2965 recuperandum
926 2865 1073 2941 Calisto
1092 2871 1251 2958 intravit,
1267 2867 1440 2942 Melibeae

217 2982 368 3058 obvenit
404 2982 506 3081 cujus
537 2982 653 3057 forma
682 3009 721 3056 se
750 2983 873 3056 subito
902 2982 1073 3056 allectum
1092 2995 1128 3056 et
1152 2982 1259 3057 sentit
1281 2998 1318 3058 et
1336 2983 1437 3059 dicit.

219 3100 314 3174 Cum
330 3115 451 3173 autem
468 3125 489 3172 a
509 3098 641 3196 puella,
662 3125 746 3198 quae
767 3097 985 3197 dignitatern
999 3117 1035 3174 et
1055 3098 1264 3196 pudicitiam
1287 3098 1441 3198 diligen·

217 3220 362 3291 tissima
389 3241 476 3290 cura
499 3230 627 3305 tuetur,
664 3242 739 3290 non
772 3219 852 3289 sine
879 3219 931 3288 ira
964 3229 999 3288 et
1028 3215 1221 3313 opprobrio
1236 3229 1435 3314 respuatur,
1518 3212 1520 3214 ’

219 3357 374 3407 moerore
393 3333 585 3407 conficitur
594 3347 630 3407 et
640 3332 789 3408 domum
801 3357 984 3430 regressus
995 3359 1157 3407 amorem
1169 3334 1273 3408 vanis
1284 3336 1440 3434 querelis

217 3447 392 3547 adauget.
429 3449 498 3524 Cui
533 3448 688 3524 famulus
724 3448 938 3548 Sempronio
972 3453 1033 3523 vix
1069 3454 1307 3525 astutissimae
1343 3451 1439 3525 lenae

218 3563 395 3638 auxilium
423 3568 622 3664 proposuit,
646 3579 682 3639 et
695 3565 769 3664 jam
792 3564 854 3638 ille
869 3564 1094 3639 Celestinam
1110 3565 1239 3639 adesse
1255 3571 1356 3664 cupit
1373 3595 1440 3643 nec

218 3677 325 3752 flocci
345 3679 432 3755 iacit
451 3679 539 3780 quid
560 3680 630 3753 sibi
659 3681 706 3755 de
732 3680 839 3755 bonis
864 3692 926 3753 aut
955 3685 1065 3754 etiam
1093 3679 1139 3755 de
1168 3681 1305 3757 honore
1320 3685 1442 3759 vetula

219 3794 425 3869 detractura
461 3799 520 3869 sit.
557 3795 657 3890 Quid
694 3795 791 3894 apud
826 3821 909 3869 eum
945 3797 1189 3870 Parmenonis
1226 3790 1443 3896 aigumenta

218 3911 369 3986 valeant
384 3911 486 4010 cujus
499 3909 590 3984 nihil
607 3915 678 3984 nisi
694 3915 776 4011 ipsa
790 3909 925 4009 cupido
938 3915 1101 4003 interest,
1126 3938 1194 3988 nec
1207 3917 1269 4012 qui
1280 3940 1441 4006 coenam,

196 4013 286 4103 'sed
305 4053 439 4126 equum
477 4025 592 4125 parari
622 4025 723 4126 jubet
750 4040 790 4102 ut
824 4039 910 4101 ante
949 4027 1123 4103 Melibeae
1143 4028 1292 4104 domum
1312 4035 1442 4109 iterum

205 4147 377 4218 transire
394 4147 511 4242 possit
526 4143 543 4216 i

271 4259 334 4334 Sic
358 4263 397 4333 in
425 4258 587 4334 amando
614 4259 779 4333 ardorem
798 4257 948 4357 juvenes
977 4260 1221 4336 inconsultius
1242 4277 1444 4363 sequuntur

218 4380 386 4477 caecique
400 4388 437 4450 et
451 4375 656 4474 praecipites
677 4374 850 4450 feruntur.
874 4376 958 4470 Quo
984 4389 1106 4451 autem
1135 4378 1245 4453 modo
1270 4404 1351 4455 sese
1370 4384 1445 4480 ipsi·

219 4491 408 4591 decipiant
421 4505 458 4566 et
473 4494 591 4590 magis
610 4494 813 4590 magisque,
841 4491 929 4565 dum
953 4517 1076 4567 amore
1095 4507 1305 4592 pascuntur,
1329 4509 1365 4571 et
1384 4501 1440 4571 sui

181 4595 190 4611 ’
218 4614 443 4707 impotentes
461 4607 552 4683 fiant
581 4621 616 4682 et
644 4606 792 4682 dilectae
822 4605 955 4706 puellae
986 4612 1106 4706 ignari
1136 4635 1246 4710 quam
1271 4615 1377 4688 novis
1406 4626 1442 4688 et

216 4725 316 4802 fietis
353 4724 549 4802 virtutibus
583 4735 776 4812 exornant,
816 4727 898 4825 quis
932 4723 1064 4800 melius
1089 4751 1201 4826 quam
1221 4727 1370 4808 calisto
1405 4743 1442 4808 te
