3416 5460
707 481 866 603 -.1'³-

173 637 323 714 virtutes
358 636 498 714 Sarrctoe
528 633 663 710 Marioe
691 634 929 736 AEgyptiacae
961 633 1130 708 laudibus
1144 629 1371 708 extollebant
1383 665 1391 725 i

174 753 402 852 legislatores
426 765 548 828 autern
568 751 606 824 in
625 751 815 826 codicibus
836 751 917 826 haec
938 753 1059 849 capita
1079 778 1098 819 <r
1122 749 1264 848 Septem
1296 751 1392 824 Par·

171 867 270 943 tium
291 894 402 942 »non
422 867 642 943 omittebant
655 871 694 940 in
714 867 847 966 quibus
866 870 1015 966 sapiens
1029 889 1091 939 rex
1112 863 1321 962 Alphonsus
1340 865 1392 940 XI

172 983 218 1059 de
228 983 356 1060 officiis
368 983 546 1060 nobilium
558 987 609 1058 ita
622 983 780 1084 loquitur
789 997 828 1059 ut
843 982 1002 1059 Amudis
1012 981 1114 1056 illum
1131 981 1186 1056 vel
1197 981 1393 1054 Palmerin

173 1099 376 1198 Anglorum
391 1105 592 1200 principem
614 1099 660 1174 de
683 1100 813 1202 iisdem
829 1099 936 1174 rebus
950 1099 1169 1173 disserentes
1183 1096 1337 1194 credas(
1366 1099 1390 1190 l.

172 1215 218 1290 Et
236 1218 444 1292 sacerdotes
464 1216 556 1291 adeo
577 1242 652 1290 non
667 1216 715 1291 ab
730 1218 894 1316 antiquis
917 1213 1078 1289 moribus
1100 1211 1344 1286 abhorrebant
1355 1224 1393 1286 ut

171 1329 224 1403 illi
246 1332 555 1433 archipresbytero
568 1334 612 1405 de
629 1331 727 1406 Hita
764 1335 826 1431 qui
847 1344 882 1405 et
908 1335 946 1404 in
966 1333 1079 1404 sacris
1094 1327 1393 1402 meditationibus

170 1457 207 1520 et
238 1447 275 1521 in
295 1447 458 1547 profanis
487 1448 671 1522 amoribus
704 1474 811 1548 aeque
845 1446 965 1520 libens
983 1443 1193 1520 versabatur
1206 1443 1343 1518 similes
1357 1456 1393 1518 et

170 1564 239 1660 ipsi
258 1563 479 1639 viderentur.
503 1565 544 1638 ln
571 1564 743 1638 omnibus
764 1563 958 1638 Chronicis
982 1560 1083 1636 libris
1106 1587 1171 1635 seu
1190 1562 1391 1634 communi-

169 1676 237 1753 bus
252 1701 316 1754 seu
326 1684 437 1779 regiis
457 1679 540 1754 haec
555 1679 683 1755 eadem
698 1683 933 1754 inveniuntur
948 1678 995 1752 ab
1005 1675 1197 1774 Alphonso
1213 1675 1391 1773 Sapiente
1449 1689 1451 1694 '

168 1796 346 1894 usquead
366 1779 540 1870 Carolum
580 1795 758 1890 Quintum
783 1830 790 1888 ;
813 1795 873 1868 hic
906 1793 1003 1869 idern
1031 1793 1177 1893 spiritus
1209 1794 1307 1867 intus
1326 1789 1391 1864 alit

169 1913 294 1986 omnia
306 1937 390 2012 quae
406 1928 598 1987 narrantur
612 1911 659 1986 ab
686 1912 900 2011 longinquis
919 1909 1123 2012 originibus
1135 1933 1250 2007 usque
1270 1905 1317 1982 ad
1337 1932 1390 1980 re·

168 2026 331 2101 centiora
345 2039 522 2126 tempora.
543 2027 629 2102 lllos
644 2054 790 2128 quoque
806 2025 918 2101 libros
931 2030 993 2126 qui
1009 2028 1230 2125 equestrium
1242 2023 1390 2102 heroum

166 2140 257 2215 ficta
284 2156 320 2218 et
346 2143 514 2218 fabulosa
547 2143 644 2218 facta
673 2145 856 2242 copidsius
884 2156 1056 2217 enarrant
1081 2167 1145 2241 pro
1172 2141 1390 2215 documento

167 2255 386 2333 habebimus
411 2263 484 2360 qui,
509 2263 575 2333 etsi
592 2259 685 2333 alias
700 2282 843 2334 summo
858 2285 980 2333 amore
1019 2258 1169 2358 perlecti
1189 2256 1334 2332 fuerunt
1354 2267 1391 2328 et

166 2399 231 2472 per
250 2387 306 2450 tot
325 2399 445 2450 annos
459 2388 573 2450 totam
595 2378 776 2476 Europam
796 2375 1078 2468 delectaverunt,
1101 2374 1244 2450 oriundi
1265 2384 1391 2446 tamen

167 2515 212 2564 ex
226 2491 409 2590 Hispania
427 2517 507 2566 esse
527 2490 694 2567 videntur
713 2492 838 2591 ibique
858 2496 1039 2592 propriam
1063 2489 1195 2565 habere
1220 2493 1386 2588 patriam.

170 2605 271 2700 Quot
290 2618 397 2680 natos
416 2619 452 2681 et
466 2607 599 2706 dignos
618 2619 719 2707 patre
739 2607 866 2682 habuit
881 2612 919 2682 in
943 2609 1125 2706 Hispania
1144 2603 1308 2682 Gallicus
1328 2605 1389 2680 ille

166 2721 360 2796 Amudis!
386 2749 471 2822 quae
490 2722 654 2799 facinora
682 2723 882 2798 humanum
909 2724 1057 2800 modum
1090 2746 1321 2824 supergressa
1353 2735 1390 2800 et

166 2841 371 2936 saepissime
397 2843 650 2913 amentissima
675 2839 821 2914 edidere
841 2855 877 2915 et
891 2841 1028 2917 Galaor
1047 2852 1083 2915 et
1096 2836 1334 2938 Esplandian
1353 2850 1390 2911 et

164 2955 363 3029 Palmerin
384 2959 399 3027 f
420 2955 521 3050 Quin
541 2959 652 3030 etiam
672 2968 812 3030 sanctae
829 2960 919 3056 ipsae
944 2958 1088 3034 litterae
1116 2959 1261 3053 penitus
1290 2952 1387 3053 apud

165 3069 355 3167 Hispanos
368 3075 620 3158 immutantur,
647 3071 676 3145 si
700 3073 848 3158 quidem
863 3076 901 3145 in
927 3068 1385 3148 ‹<Cabulleriacelestial>›

164 3185 273 3260 nobis
302 3186 471 3263 Christus
499 3186 568 3284 sub
594 3187 722 3262 habitu
757 3187 995 3287 progrediens
1020 3185 1163 3288 Equitis
1182 3185 1326 3262 leonem
1347 3189 1386 3260 in
1444 3225 1446 3229 f

161 3315 267 3376 scuto
285 3308 447 3400 gerentis
467 3304 683 3397 ostenditur,
702 3305 844 3380 Lucifer
863 3318 985 3380 autem
1001 3315 1206 3404 serpentem
1223 3302 1387 3377 inarmis

163 3417 339 3493 caelatum
360 3419 503 3494 habens
522 3419 675 3520 ideoque
696 3449 715 3491 «
737 3421 952 3520 eSerpente
972 3421 1094 3520 Eques
1114 3449 1134 3491 u
1156 3418 1291 3493 dictus..

215 3535 324 3609 Hanc
343 3535 564 3634 peculiarem
580 3535 738 3611 indolem
755 3563 1008 3635 saepenumero
1022 3551 1058 3612 et
1077 3535 1169 3610 alias
1180 3557 1388 3640 errpressam

163 3675 346 3749 nusquam
360 3656 495 3750 pariter
509 3664 620 3751 atque
636 3655 674 3726 in
692 3681 712 3724 ‹<
731 3653 954 3728 Cancionero
970 3683 989 3726 »
1006 3653 1137 3728 clarius
1156 3647 1388 3724 manifestam

163 3770 317 3864 reperire
336 3793 541 3866 possumus.
558 3769 633 3843 Res
645 3772 745 3842 enim
760 3781 878 3867 gestae
893 3771 954 3844 vel
963 3797 986 3844 a
1003 3765 1187 3868 Gaiferos,
1205 3764 1388 3844 Gamales

163 3881 202 3953 F
201 3907 317 3955 ernan
331 3895 367 3958 et
388 3883 527 3960 Garcz'a
545 3885 583 3958 F
582 3887 766 3959 ernandez
792 3883 932 3960 nullum
948 3885 1060 3959 alium
1086 3881 1261 3982 populum
1291 3885 1387 3954 insa-

164 4000 242 4071 nire
259 3999 556 4098 magnificentius
575 4000 735 4100 potuisse
755 4000 895 4076 affatim
911 4000 1177 4076 demonstrant.
1195 3999 1237 4073 ln
1257 4021 1386 4096 quam·

164 4137 322 4212 cumque
374 4119 473 4192 enim
520 4145 539 4186 «
577 4117 794 4192 Romancero
834 4149 853 4190 »
901 4117 998 4192 illius
1043 4128 1181 4216 partem
1224 4116 1387 4188 animum

165 4240 371 4324 convertaS,
392 4231 485 4305 nihil
504 4231 604 4308 aliud
623 4233 750 4308 videas
784 4237 853 4308 nisi
884 4235 1172 4333 promptissimos
1200 4229 1247 4304 ad
1271 4228 1399 4304 vindi.

167 4345 307 4420 candas
344 4346 493 4446 injurias
525 4349 633 4439 viros,
655 4353 707 4424 ita
739 4361 778 4424 ut
814 4349 962 4425 familiae
992 4349 1110 4424 honos
1134 4359 1197 4423 aut
1227 4348 1389 4421 nominis

167 4457 291 4554 decus,
314 4461 388 4537 sive
401 4465 512 4538 vitam
528 4465 648 4541 herois
667 4465 763 4542 illius
780 4495 799 4537 ‹<
814 4467 873 4541 El
885 4467 995 4542 eid»
1019 4465 1107 4541 dicti
1136 4462 1287 4556 evolvis,'
1312 4465 1388 4536 sive

167 4580 312 4650 comitis
335 4579 488 4677 Juliani,
528 4585 604 4656 sive
638 4581 739 4656 nothi
778 4581 875 4657 illius
912 4584 1109 4673 Madarra,
1141 4607 1205 4679 pro
1237 4580 1388 4654 numine

168 4691 319 4768 colatur.
341 4695 446 4770 Adde
461 4697 559 4797 quod
580 4696 632 4771 illi
648 4698 815 4780 homines
829 4699 1008 4799 sanguine
1028 4701 1179 4797 respersi
1200 4695 1248 4770 ad
1267 4718 1388 4768 sacer·

201 4881 237 4947 (1)
246 4880 281 4933 Cf
292 4881 358 4935 Part.
376 4899 402 4950 u,
417 4884 454 4938 tit.
469 4897 521 4938 m.
