3388 5458
688 499 847 565 -n-

166 672 319 744 angores
334 646 500 721 cumulus
519 645 669 720 accedet
691 669 772 718 cum
789 642 925 718 exalta
944 654 1038 715 turre
1057 641 1218 716 Melibea
1238 666 1276 714 se
1291 640 1381 739 abji-

164 767 244 848 ciet,
269 777 317 850 et,
339 764 425 836 dum
445 763 626 837 Calistum
642 773 754 834 morte
773 763 989 858 assequitur,
1004 761 1162 831 exterriti
1174 761 1286 855 patris
1296 771 1382 830 ante

163 879 285 952 oculos
299 905 457 975 praeceps
472 891 624 952 corruet·
650 878 715 951 Sic
737 877 894 974 Hispani
910 873 1056 948 modurn
1074 873 1308 971 egrediuntur
1320 871 1380 971 qui

162 994 236 1067 luto
251 1020 352 1092 aeque
371 1019 414 1065 ac
430 999 613 1090 sanguine
627 995 791 1067 vicissim
805 989 1044 1064 delectantur.

183 1115 184 1120 ’
209 1111 306 1182 Dum
323 1124 443 1183 autem
468 1109 604 1183 nullius
626 1109 746 1182 adhuc
767 1119 883 1180 morte
905 1121 968 1180 aut
987 1105 1112 1180 dolore
1135 1103 1381 1181 misericordia

162 1241 282 1296 nostra
299 1239 480 1312 evocatur,
507 1224 616 1298 risum
637 1223 862 1320 singularem
885 1237 931 1310 et,
965 1233 1004 1294 ut
1028 1223 1079 1292 ita
1097 1218 1233 1307 dicam,
1259 1220 1401 1320 hispa-¹

160 1343 208 1412 ni.
226 1363 327 1412 esem
341 1339 400 1414 vix
420 1351 544 1413 tenere
559 1363 753 1437 possumus
777 1362 860 1411 cum
891 1336 939 1409 ab
959 1339 1161 1410 amantium
1191 1335 1381 1413 ardoribus

161 1468 196 1528 et
215 1455 463 1528 deliramentis
485 1456 532 1528 ad
562 1480 794 1530 communem
814 1477 963 1526 sensum
976 1467 1012 1526 et
1026 1451 1300 1549 vulgarissimas
1325 1479 1381 1528 res

160 1572 393 1644 traducimur.
413 1570 509 1644 Sunt
524 1571 671 1669 quidem
694 1575 732 1642 in
760 1567 944 1646 Celestina
964 1595 1054 1667 quae,
1080 1571 1167 1665 quia
1191 1567 1379 1643 hominum

161 1687 353 1761 notissima
373 1687 460 1759 vitia
480 1691 717 1777 insectantur,
741 1685 912 1760 omnibus
928 1684 1072 1783 populis
1092 1710 1194 1782 aeque
1219 1684 1382 1760 dilucida

160 1816 338 1901 apparent
359 1829 403 1876 ac
422 1802 588 1877 ridicula.
615 1803 708 1898 Quis
729 1803 818 1902 quid
833 1826 959 1899 parum
972 1799 1192 1897 explicatum
1209 1815 1272 1874 aut
1287 1801 1380 1875 lace·

159 1937 233 1994 tum
256 1918 420 1992 inveniat
440 1919 536 2005 dum,
557 1920 713 2017 exempli
730 1944 851 2006 causa,
872 1917 1106 2014 cupidissima
1129 1917 1332 2006 Celestina,
1346 1938 1381 1992 et

159 2038 342 2109 Parmeno
371 2035 417 2107 de
452 2033 574 2110 vetula
622 2035 717 2108 male
758 2047 936 2122 metuens,
969 2044 1005 2105 et
1033 2057 1145 2105 morae
1186 2035 1382 2130 impatiens

113 2161 116 2166 '
160 2149 307 2227 Calisto
334 2151 585 2248 colloquentes
605 2152 856 2225 inducuntur?
888 2150 988 2222 Lena
1014 2151 1126 2235 enim,
1155 2173 1236 2222 cum
1260 2149 1380 2246 juveni

160 2266 285 2340 laetum
308 2271 477 2340 nuntium
499 2265 637 2356 afferat,
661 2280 822 2364 tempore
851 2269 963 2338 utitur
990 2279 1029 2336 ut
1055 2263 1238 2338 mercedes
1257 2291 1382 2340 conse-

160 2397 292 2478 quatur
322 2406 414 2479 quas
447 2385 542 2456 sicut
575 2381 737 2455 facinora
770 2407 852 2454 cum
882 2377 991 2454 sociis
1017 2384 1287 2454 communicare
1306 2407 1381 2454 non

159 2500 286 2593 possit.
306 2525 325 2564 t<
363 2499 403 2570 ln
435 2522 520 2594 qu0,
554 2501 684 2596 inquit,
719 2496 879 2594 periculo
903 2507 1046 2569 versata
1071 2497 1177 2568 sum!
1211 2497 1283 2570 Pro
1308 2501 1383 2572 vita

161 2611 249 2686 mihi
272 2637 380 2685 nemo
400 2617 493 2686 tanti
521 2637 594 2686 rem
621 2617 724 2712 pretii
745 2612 906 2686 dedisset
925 2613 1052 2708 quanti
1073 2609 1144 2683 vile
1168 2611 1236 2686 hoc
1260 2625 1296 2686 et
1316 2639 1383 2688 usu

159 2728 330 2800 detritum
354 2741 407 2801 est
427 2728 590 2825 pallium.
617 2761 635 2799 »
657 2729 805 2804 Calz'sto
822 2754 907 2802 vero
928 2726 1126 2801 Celestinae
1146 2728 1381 2825 cupiditatem

161 2869 234 2916 non
255 2841 428 2940 intelligit
448 2857 486 2917 ut
513 2849 575 2941 qui
605 2849 719 2918 amori
740 2858 880 2918 tantum
903 2843 1093 2916 inserviat.
1130 2874 1148 2911 <r
1168 2843 1292 2940 Spem,
1316 2844 1381 2935 ait,

159 2957 268 3032 affers
288 2963 464 3055 optimam
484 2962 533 3033 l»
553 3003 603 3018 -
619 2992 638 3030 ‹<
661 2963 851 3060 Optimam
867 2963 1006 3048 merito,
1031 2959 1226 3056 respondet
1244 2961 1379 3053 vetula,

160 3073 280 3147 dicere
306 3099 466 3171 possum,
504 3101 586 3149 cum
618 3081 776 3173 optatior
805 3076 981 3150 Melibeae
1011 3100 1081 3172 ego
1109 3074 1240 3149 detrita
1273 3089 1383 3175 atque

160 3188 304 3262 exoleta
325 3189 395 3262 hac
409 3195 534 3265 tunica
554 3197 698 3266 veniam
719 3219 830 3291 quam
840 3193 914 3265 alia
934 3194 1076 3290 quaevis
1091 3190 1205 3264 serico
1219 3204 1255 3264 et
1274 3217 1384 3268 aureo

160 3304 277 3378 textili
311 3305 493 3379 induta».
531 3307 643 3405 Spem
664 3307 780 3381 solam
812 3334 887 3406 qua
914 3306 1116 3380 delectatur
1139 3331 1221 3380 cum
1243 3305 1384 3403 juvenis

166 3419 334 3508 audierit,
353 3425 478 3494 omnia
494 3422 665 3495 narrandi
686 3449 771 3522 quae
791 3449 830 3496 se
854 3426 892 3494 in
914 3420 1028 3496 Alisae
1050 3421 1159 3494 domo
1180 3420 1385 3496 habuerunt

165 3534 353 3608 Celestina
373 3537 565 3610 consilium
583 3541 681 3636 capit
704 3573 711 3612 :
732 3568 750 3608 «
775 3540 821 3628 Ο,
846 3537 982 3611 clamat
999 3535 1156 3626 Calr'sto,
1181 3541 1299 3612 situm
1314 3563 1385 3636 ego

165 3650 287 3725 subter
305 3650 454 3748 pallium
471 3653 567 3727 istud
584 3666 685 3728 tuum
706 3654 889 3728 abconsus
921 3677 1049 3739 essem,
1070 3666 1111 3726 ut
1138 3653 1312 3753 colloquii
1333 3659 1384 3729 tui
1462 3697 1464 3702 ·

166 3791 316 3842 consors
326 3767 472 3842 fuissem
487 3794 569 3844 cum
583 3769 648 3841 illa
666 3794 776 3868 quam
792 3769 1009 3866 Supremum
1021 3770 1166 3844 Numen
1182 3775 1294 3844 tantis
1306 3795 1385 3867 gra-

165 3881 224 3954 tiis
262 3882 427 3956 dotatam
458 3884 636 3958 excellere
677 3885 817 3958 voluitl
854 3927 900 3941 -
933 3884 1069 3958 Subter
1105 3883 1270 3982 pallium,
1315 3887 1380 3975 ais,

168 4021 289 4070 meum
310 3999 326 4070 Ρ
347 4001 458 4096 Atqui
479 3999 553 4072 illic
586 3999 683 4075 clare
703 4011 922 4098 conspectus
935 3998 1085 4090 luisses;
1107 3999 1188 4097 plus
1208 4003 1307 4074 enirn
1324 4003 1385 4074 tri·

164 4111 272 4209 ginta
299 4111 537 4188 foraminibus
567 4115 658 4190 illud
691 4116 909 4215 perforatum
939 4127 1003 4204 est,
1027 4129 1064 4188 et
1088 4120 1230 4190 utinam
1256 4109 1387 4191 melius

166 4251 250 4301 mox
279 4226 513 4325 accipiam.»
548 4231 671 4306 Tanto
715 4235 836 4306 minus
872 4231 983 4305 risum
1009 4241 1113 4305 tenes
1132 4241 1274 4332 quanto
1306 4232 1388 4330 plus

164 4345 347 4418 Parmeno
370 4343 502 4418 vetulae
531 4345 744 4444 indignatur
758 4373 844 4446 quae
864 4372 940 4419 non
959 4347 1077 4420 solum
1098 4345 1212 4446 pallio
1231 4346 1389 4422 donatur

167 4460 360 4534 sedetiam
395 4485 543 4536 aureum
570 4463 759 4562 cingulum
793 4463 845 4536 ita
874 4467 1029 4560 primum
1056 4475 1199 4538 recusat
1231 4477 1270 4539 ut
1303 4488 1387 4563 quae

168 4567 380 4674 ingentibus
406 4581 535 4675 gratiis
555 4603 639 4652 mox
659 4579 695 4651 id
715 4593 909 4676 acceptura
939 4583 998 4652 sit.
1034 4608 1053 4648 «
1080 4581 1175 4668 Heu,
1208 4603 1386 4656 commur-

169 4703 330 4766 muratur
346 4692 530 4768 Parmeno
542 4719 666 4768 secum
685 4720 773 4772 voce
787 4693 912 4785 flebili,
937 4719 1086 4770 munere
1109 4695 1174 4770 illo
1200 4721 1241 4772 se
1264 4695 1388 4772 vetula
