3416 5460
227 1345 271 1420 Si
298 1346 365 1420 tibi
391 1347 608 1447 dignoscere
637 1348 860 1446 propositum
884 1364 940 1424 est
962 1352 1051 1450 quid
1075 1351 1182 1426 luerit
1208 1351 1401 1450 Hispaniae-

175 1466 359 1560 proprium
374 1475 411 1535 et
429 1463 611 1560 peculiare
634 1463 671 1536 id
686 1469 858 1562 temporis
872 1491 956 1540 cum
975 1471 1129 1564 primum
1147 1493 1192 1542 ea
1210 1471 1401 1565 imperium

174 1577 253 1651 fieri
273 1592 397 1676 coepta
415 1594 471 1652 est
487 1605 562 1653 non
577 1580 724 1677 longius
743 1575 889 1678 quaeras
902 1596 1055 1680 oportet.
1082 1583 1184 1657 Satis
1198 1597 1258 1660 ,est
1277 1596 1314 1656 et
1338 1582 1401 1655 ubi

175 1697 248 1766 sita
274 1697 321 1767 sit
349 1698 495 1786 intueri,
530 1709 568 1769 et
600 1721 685 1794 quae
715 1720 831 1772 rerum
859 1695 1044 1794 gestarum
1084 1702 1260 1772 memoria
1298 1698 1403 1772 luerit

174 1809 370 1896 recordari,
394 1824 431 1884 et
453 1815 570 1909 prima
592 1827 781 1909 poetarum
804 1813 1027 1912 exemplaria
1047 1841 1159 1888 manu
1181 1839 1337 1888 versare.
1369 1815 1402 1887 A

175 1926 318 2024 reliqua
345 1926 489 2025 Europa
508 1928 695 2002 montibus
722 1933 905 2026 perpetuis
928 1929 1093 2028 sejuncta
1113 1930 1401 2028 haudquaquam

176 2042 339 2114 moribus
353 2041 493 2116 similes
510 2047 640 2116 ceteris
655 2044 811 2142 Europae
831 2045 974 2144 populis
989 2045 1130 2118 incolas
1142 2046 1236 2134 tulit,
1254 2051 1293 2118 'et
1306 2049 1335 2118 si
1353 2043 1400 2116 ad

176 2157 342 2230 Annales
358 2158 569 2256 respexeris,
586 2159 615 2233 si
632 2159 702 2232 hoc
717 2185 764 2232 ne
777 2173 914 2257 puncto
927 2161 1074 2258 quidem
1087 2161 1260 2259 temporis
1274 2174 1402 2234 contra

175 2273 324 2347 Mauros
347 2278 592 2348 intermissum
613 2274 749 2349 bellum
773 2273 891 2348 donec
910 2301 975 2348 eos
995 2276 1159 2350 funditus
1181 2279 1401 2350 extermina-

174 2393 267 2462 verit
287 2393 412 2464 animo
439 2395 672 2490 reputaveris
703 2390 809 2464 facile
834 2391 1023 2488 apparebit
1049 2392 1148 2466 hunc
1168 2391 1342 2490 populum
1364 2404 1401 2465 et

173 2505 458 2580 dissimillimum
474 2520 674 2581 ceterorum
686 2505 843 2580 futurum
862 2506 973 2580 luisse
987 2521 1024 2580 et
1034 2507 1153 2606 reipsa
1167 2507 1291 2582 luisse.
1315 2508 1399 2582 Non

172 2624 273 2693 enirn
302 2635 445 2696 tantum
470 2621 621 2696 caritate
639 2625 768 2720 patriae
797 2626 836 2694 in
862 2623 1012 2697 Mauros
1026 2623 1309 2711 invehebantur,
1335 2622 1399 2697 sed

173 2741 351 2834 quoniam
371 2738 493 2811 Mauri
516 2763 591 2811 non
610 2737 730 2811 solum
756 2736 841 2810 fidei
861 2737 1072 2812 christianas
1097 2753 1261 2837 expertes
1280 2751 1401 2812 essent
1513 2837 1519 2850 θ

173 2851 239 2924 sed
255 2856 366 2924 etiam
380 2879 461 2926 eam
476 2853 685 2927 incredibili
699 2851 785 2926 odio
795 2867 1104 2951 prosequerentur,
1122 2856 1280 2952 Hispani
1295 2853 1401 2951 hujus

172 2965 259 3040 fidei
280 2967 530 3044 delendendae
548 2995 698 3044 causam
714 2994 905 3067 suscepere
923 2983 959 3043 et
979 2969 1064 3044 huic
1076 2983 1257 3068 susceptae
1277 2995 1400 3044 causae

174 3107 366 3180 nunquam
381 3082 538 3158 defuere.
563 3085 653 3158 lnde
672 3084 822 3158 assidua
842 3084 940 3158 bella
957 3099 995 3158 et
1012 3089 1189 3159 acerrima
1209 3089 1247 3157 in
1266 3084 1400 3183 quibus
1462 3169 1463 3172 Ἴ

171 3202 321 3272 eximiae
340 3213 377 3272 et
396 3199 602 3298 singulares
613 3200 764 3274 virtutes
782 3200 1005 3279 oriebantur.
1020 3203 1178 3300 Hispani
1197 3206 1398 3276 enimcum

173 3340 212 3386 se
232 3313 422 3388 crederent
437 3313 651 3411 designatos
670 3315 779 3390 luisse
799 3315 934 3388 milites
965 3330 1010 3389 ut¹
1027 3315 1168 3390 labanti
1188 3316 1398 3390 christianae

171 3429 258 3502 fidei
288 3453 396 3529 opem
425 3430 557 3503 lerrent
588 3430 646 3503 his
675 3429 780 3504 bellis
799 3456 882 3503 cum
902 3431 1062 3504 lanatico
1085 3431 1246 3530 quodam
1271 3431 1399 3504 ardore

172 3543 423 3642 iungebantur
440 3549 576 3644 quippe
596 3549 748 3645 quinon
762 3546 880 3619 solum
900 3571 964 3644 pro
983 3547 1112 3644 patria,
1128 3548 1192 3621 sed
1208 3551 1320 3620 etiam
1335 3572 1399 3645 pro

171 3659 366 3756 religione,
391 3687 476 3758 quae
495 3663 645 3758 quidem
666 3662 782 3735 multo
801 3665 928 3754 carior,
951 3675 1103 3736 mortem
1119 3677 1289 3761 oppetere
1307 3662 1400 3735 arbi·

168 3788 363 3847 trarentur.
396 3778 523 3874 ltaque
559 3777 615 3850 vel
646 3777 854 3850 tmcidandi
883 3777 941 3850 vel
970 3777 1147 3852 moriendi
1178 3782 1256 3877 pari
1279 3777 1401 3852 studio

170 3890 365 3963 libidinem
377 3906 414 3964 et
433 3893 538 3989 quasi
563 3893 785 3989 voluptatem
799 3892 1032 3991 appetebant.
1054 3893 1143 3967 lnde
1157 3894 1198 3967 fit
1211 3907 1251 3967 ut
1265 3892 1399 3967 bellum

171 4033 248 4080 non
269 4021 412 4080 tantum
434 4032 491 4080 res
507 4008 604 4105 justa
624 4022 718 4080 esset
734 4009 833 4106 quod
848 4035 912 4106 pro
930 4013 1047 4106 patria
1062 4023 1100 4082 et
1115 4034 1180 4105 pro
1198 4007 1279 4083 Deo
1293 4009 1400 4083 simul

170 4128 431 4222 susciperetur,
470 4123 533 4196 sed
567 4115 679 4196 etiam
713 4150 769 4198 res
801 4151 919 4214 sacra,
944 4138 1085 4199 etcum
1114 4125 1262 4200 assidue
1291 4130 1400 4200 variis

171 4240 316 4312 vicibus
337 4265 583 4337 necunquam
603 4239 875 4338 despondentes
892 4245 1055 4316 animum
1070 4268 1133 4340 per
1146 4245 1400 4340 septingentos

168 4380 290 4427 annos
302 4357 551 4441 sustinuerint,
567 4368 762 4452 postquam
774 4355 922 4428 tandem
934 4355 1174 4430 ferocissimos
1184 4354 1397 4428 christianae

171 4468 260 4541 fidei
300 4468 424 4542 hostes
457 4469 684 4567 expulerunt,
722 4475 780 4542 cui
813 4470 980 4544 mirabile
1009 4472 1175 4544 videatur
1205 4476 1236 4544 si
1257 4485 1401 4568 ,praeter

172 4596 316 4657 ceteros
345 4582 558 4657 christianae
578 4584 748 4682 religioni
764 4583 909 4658 deditos
928 4585 1081 4683 populos
1101 4587 1259 4685 Hispani
1273 4589 1398 4685 singu·

175 4698 244 4772 lari
263 4699 336 4773 fide
361 4699 458 4773 hanc
472 4712 509 4773 et
527 4699 689 4774 lanatico
717 4725 839 4775 amore
858 4715 894 4775 et
913 4700 1142 4778 defenderint
1162 4715 1207 4778 et·
1218 4701 1401 4776 foverint?
1454 4689 1457 4692 ¹
