3388 5458
685 501 843 566 ,97..

160 647 383 720 conteramus
416 675 499 745 quae
529 649 575 720 de
622 651 799 720 amatoria
841 646 905 718 lite
957 645 1156 744 disputant.
1194 637 1378 722 Dilectam

167 763 391 862 Vasquirano
409 763 596 836 Violinam
636 766 760 835 amisit
784 788 857 860 qua
886 776 988 860 rapta
1021 765 1059 834 in
1094 761 1261 836 Siciliam
1291 789 1380 838 con-

156 877 309 975 fugerat.
342 879 492 952 Amicus
512 893 632 952 autem
649 879 725 976 ejus
747 879 784 951 F
787 876 952 967 lamr'nz'o,
983 881 1041 951 cui
1068 903 1114 950 ne
1134 903 1216 976 spes
1233 879 1381 978 quidem

160 995 232 1067 ulla
274 997 486 1084 ostenditur,
529 995 704 1068 continuo
742 1009 776 1068 et
815 993 975 1066 dolendo
1013 990 1136 1067 amore
1174 993 1381 1069 Belisenam

161 1111 356 1210 quamdam
385 1117 612 1210 prosequitur
642 1112 743 1210 cujus
780 1115 940 1184 nominis
960 1110 1089 1183 umbra
1110 1110 1274 1186 lsabellae.
1294 1112 1383 1184 Ara·

160 1231 333 1323 gonensis
348 1227 433 1315 filia,
458 1230 561 1300 Boou
582 1229 718 1325 Sforaa
738 1231 884 1323 tegitur.
909 1227 997 1300 Uter
1016 1231 1221 1302 amantium
1241 1225 1384 1302 illorum

162 1342 322 1415 miserior
347 1346 431 1415 est?
462 1345 515 1416 Ea
534 1358 589 1416 est
605 1343 755 1416 materia
777 1343 822 1415 de
842 1369 916 1440 qua
929 1341 1181 1417 subtilioribus
1201 1369 1296 1441 saepe
1320 1342 1383 1417 sed

161 1458 360 1556 aliquando
399 1444 666 1532 miserabilibus
686 1463 880 1532 sententiis
900 1460 1026 1556 perdiu
1050 1457 1248 1534 disseritur.
1269 1488 1287 1530 «
1301 1447 1384 1533 Fla·

161 1573 263 1646 minii
290 1578 481 1663 cruciatus,
524 1574 643 1672 inquit
683 1574 923 1672 Varquz'ran0‚
947 1575 1130 1672 quomodo
1152 1577 1242 1648 meis
1262 1573 1384 1648 conle-

161 1702 284 1762 rantur
311 1716 392 1763 cum
421 1695 458 1762 in
489 1690 723 1788 Neapolitani
740 1694 836 1788 regis
856 1689 940 1763 aula
960 1689 1011 1762 illi
1027 1690 1161 1764 saltent
1181 1704 1216 1764 et
1231 1701 1382 1782 canant,

161 1803 196 1876 hi
236 1818 363 1878 contra
397 1807 495 1878 domi
524 1819 675 1903 gemant
705 1821 740 1878 et
774 1805 1041 1880 lacrimenturl
1078 1850 1128 1862 -
1159 1808 1218 1882 Tu
1239 1807 1381 1896 saltem,

162 1921 354 2016 respondet
381 1921 585 2010 Flaminio,
610 1921 784 1994 felicitate
821 1921 949 1995 fruitus
982 1949 1021 1996 es
1052 1926 1110 1996 cui
1141 1921 1234 1995 nihil
1263 1919 1385 1995 aeterni

161 2051 291 2110 natura
323 2063 439 2110 rerum
472 2037 710 2110 concedebat.
747 2039 971 2112 Deliciarum
1012 2042 1122 2139 igitur
1148 2037 1259 2111 finem
1286 2035 1386 2136 quod

161 2152 321 2228 subitum
352 2153 473 2227 vidisti
504 2166 543 2226 tu
583 2157 752 2252 quereris
790 2180 860 2252 ego
893 2181 977 2228 vero
1010 2154 1109 2253 quod
1138 2153 1385 2228 molestiarum

162 2267 302 2342 nullum
328 2268 439 2342 finem
473 2269 630 2342 video».
666 2271 750 2364 Qua
779 2273 921 2344 ratione
941 2269 1129 2343 elaborata
1151 2268 1215 2341 illa
1237 2267 1385 2342 concin-

162 2387 259 2456 nitas
287 2383 530 2484 aflectataque
555 2388 651 2458 circa
668 2385 779 2459 verba
803 2385 1023 2478 subtilitasa
1049 2410 1134 2460 vera
1152 2384 1386 2458 humiliorum

160 2526 278 2576 rerum
308 2501 470 2598 imagine
507 2501 605 2576 haud
652 2501 843 2576 abhorrere
875 2505 990 2599 possit
1020 2500 1095 2600 jam
1139 2503 1177 2573 in
1222 2499 1387 2598 Eegloga

160 2619 359 2715 perspicies
397 2643 476 2715 quae
510 2621 548 2690 in
579 2617 834 2710 «Quaestione
866 2619 909 2692 de
927 2618 1071 2691 Amor»
1097 2615 1158 2690 die
1187 2615 1280 2690 festa
1308 2617 1385 2714 agi·

161 2745 220 2806 tur
248 2733 315 2830 (ι).
350 2732 444 2806 Cum
463 2733 560 2806 enim
592 2732 787 2806 Flaminio
817 2737 880 2833 qui
913 2734 1041 2806 Torini
1070 2744 1190 2832 partes
1224 2730 1387 2806 defendit

162 2847 351 2922 Petrarchi
366 2862 402 2922 et
416 2850 597 2949 Johannis
606 2851 670 2922 del
678 2837 826 2924 Encina
843 2851 895 2948 (2)
911 2847 1111 2948 discipulus
1130 2874 1210 2922 esse
1223 2847 1388 2924 videatur

163 2963 252 3037 dum
271 2963 403 3038 acerbo
424 2964 548 3039 dolore
568 2965 666 3040 dolet
684 2979 720 3039 et
746 2978 897 3040 mortem
931 2965 1185 3040 vehementius
1221 2966 1385 3063 requirit,

162 3083 324 3153 amantis
355 3092 547 3172 tormenta,
585 3081 718 3180 quibus
750 3082 842 3154 nihil
864 3085 935 3156 nisi
955 3081 1090 3155 rabiosi
1114 3083 1218 3154 canis
1246 3105 1387 3154 morsus

161 3195 319 3269 similius
338 3223 416 3270 esse
429 3197 602 3294 praedicat
622 3224 697 3270 non
727 3203 847 3272 minus
869 3197 1069 3274 Gur'llurdo
1082 3197 1228 3271 irridere
1244 3195 1388 3271 dubitat

162 3337 275 3410 quam
304 3312 451 3402 Quz'ral
478 3317 535 3387 cui
565 3314 662 3390 haud
688 3339 836 3412 magnae
869 3314 1053 3388 tormidini
1092 3338 1193 3387 amor
1231 3324 1287 3387 est
1314 3335 1387 3410 quo

162 3427 269 3502 multi
298 3428 407 3502 verbo
434 3442 576 3504 tantum
597 3457 664 3504 nec
691 3456 728 3503 re
762 3433 842 3529 ipsa
879 3433 1067 3504 exanimes
1096 3430 1200 3504 fiunt.
1234 3427 1388 3504 Talibus

161 3542 360 3618 utebantur
400 3543 542 3626 facetiis
577 3544 791 3644 Sempronio
818 3557 854 3619 et
887 3549 1069 3620 Parmeno
1104 3557 1140 3618 et
1173 3543 1219 3617 ad
1264 3567 1387 3618 eorum

161 3659 350 3756 exemplar
370 3661 408 3734 Z
407 3661 576 3734 ambardo
599 3671 722 3759 pastor
740 3664 753 3759 t
757 3664 808 3758 3).

215 3774 324 3848 Talia
339 3787 486 3874 quoque
506 3781 544 3850 in
566 3777 787 3850 Bartolomei
816 3777 1010 3851 comoediis
1038 3777 1232 3863 sententiis
1258 3773 1389 3847 delica-

162 3892 317 3963 tissimis
350 3891 505 3966 finitima
532 3897 766 3994 reperiuntur.
805 3893 916 3991 Quod
946 3897 1063 3993 primo
1101 3893 1318 3990 exquisitius
1351 3893 1390 3962 in

162 4030 289 4079 amore
323 4007 559 4106 depingendo
591 4009 705 4082 italici
740 4022 855 4108 poetae
886 4009 1107 4108 scripserunt
1138 4012 1177 4081 in
1207 4003 1391 4080 comoedia

158 4119 325 4222 Jacinta
344 4124 525 4199 interdum
545 4130 773 4223 agnoscitur.
802 4125 895 4202 Cum
915 4130 1014 4200 enirn
1041 4123 1165 4200 labula
1193 4135 1264 4197 tros
1290 4147 1390 4220 pere·

196 4416 235 4482 (1)
256 4413 355 4484 ecloga
369 4417 415 4467 illa
439 4407 518 4486 longe
532 4418 605 4470 abest
621 4427 647 4470 ut
661 4418 718 4471 sola
737 4419 762 4469 in
777 4419 890 4469 italicam
905 4431 1012 4468 scenam
1036 4422 1096 4468 ante
1115 4417 1201 4466 Torres
1215 4414 1336 4463 Naharro
1355 4411 1393 4460 in·

158 4497 244 4546 ducta
257 4496 297 4548 sit.
313 4495 373 4546 Alia
386 4497 463 4560 enim,
476 4515 535 4564 quae
557 4501 689 4550 «Placido
700 4519 720 4564 y
740 4500 900 4549 Vitoricrno»
923 4497 1000 4547 luisse
1013 4495 1119 4559 videtur,
1138 4494 1263 4545 Romanrs
1278 4492 1303 4540 in
1325 4489 1391 4540 ludis

158 4591 238 4627 anno
252 4575 370 4626 MDXlll
390 4578 458 4628 haud
472 4595 579 4644 parvum
597 4581 683 4632 habuit
700 4582 796 4632 locum.

196 4658 237 4722 (2)
255 4656 296 4710 Cf.
316 4657 461 4726 Ecglogam
474 4660 568 4710 ritmo
579 4663 749 4728 (Cancionero
770 4664 848 4728 1509).

195 4738 237 4804 (3)
254 4736 365 4809 Magnas
378 4739 518 4792 Zambardo
531 4741 585 4808 agit
602 4750 687 4809 partes
700 4744 727 4794 in
745 4741 862 4810 Ecgloga
874 4740 976 4792 Filena.
