3388 5458
749 495 756 510 Ὶ

701 506 860 576 ..81-

166 673 327 774 denique
348 700 421 748 non
443 673 550 749 nobis
576 673 746 747 concedit
765 684 804 746 ut
825 696 892 746 nos
914 671 1111 748 Celestz'noe
1142 685 1326 773 praecepta
1354 686 1390 747 et

168 789 388 864 documenta
403 801 634 888 praetereant.
659 817 677 857 ‹<
703 790 737 864 O
765 813 878 878 amor,
902 785 1084 863 exclamat
1112 789 1173 864 ille
1192 803 1279 864 ante
1301 788 1388 863 filiae

165 908 377 979 exanimum
411 929 551 1003 corpus,
585 905 708 996 Amor,
738 916 933 1002 postquam
957 928 1020 1000 per
1051 906 1193 980 medias
1222 906 1388 980 ardorum

165 1035 309 1095 tuorum
335 1021 503 1094 flammas
522 1045 580 1093 me
604 1023 719 1118 erupi,
741 1019 972 1093 confidebam
989 1018 1131 1118 laqueis
1146 1048 1204 1098 me
1224 1027 1296 1096 tuis
1313 1021 1387 1120 jam

164 1137 328 1235 elapsum
350 1162 472 1212 esse...
503 1136 586 1208 Non
604 1135 778 1233 putabam
798 1147 833 1209 te
859 1147 1050 1234 parentum
1071 1134 1207 1213 delicta
1227 1142 1385 1236 ipsorum

163 1257 364 1350 posteritati
382 1257 685 1351 imputaturum...
705 1253 838 1326 Nescio
855 1264 972 1325 utrum
993 1250 1086 1326 lerro
1105 1251 1212 1328 lerias
1233 1279 1280 1326 an
1301 1258 1387 1352 igne

163 1367 399 1442 comburas...
422 1386 459 1442 at
479 1369 588 1443 corda
608 1369 813 1443 mortalium
841 1371 879 1440 in
904 1366 1036 1466 penitis
1063 1382 1249 1467 pectorum
1278 1396 1386 1468 pene·

166 1482 302 1558 talibus
324 1483 537 1563 lancinas..
569 1484 688 1578 Quem
716 1484 827 1556 linem
849 1483 971 1582 adepti
1002 1497 1088 1558 sunt
1119 1485 1289 1584 discipuli
1318 1489 1383 1575 tui,

164 1625 272 1696 quem
289 1589 446 1697 ip'somm
470 1603 625 1672 ministri
646 1601 662 1672 t
679 1599 779 1672 Lena
795 1598 858 1671 illa
873 1597 967 1672 lalsa
997 1611 1033 1672 et
1053 1599 1236 1699 decrepita
1255 1601 1388 1676 fidelis·

163 1719 337 1790 simomm
351 1740 496 1791 suorum
517 1715 696 1790 sodalium
715 1713 925 1789 vulneribus
941 1729 1082 1791 mortua
1103 1730 1158 1792 est
1178 1721 1240 1817 qui
1261 1730 1388 1816 postea

163 1832 346 1905 carnificis
363 1833 532 1906 manibus
553 1836 748 1929 perierunt,
768 1830 915 1906 calisto
939 1857 1086 1934 quoque
1115 1858 1203 1908 casu
1237 1833 1382 1924 interiit,

162 1949 443 2046 tristissimaque
474 1961 511 2022 et
540 1946 790 2022 infelicissima
818 1947 895 2020 filia
916 1973 998 2024 mea
1029 1952 1109 2048 ipsa
1135 1948 1206 2022 sibi
1234 1963 1384 2024 mortem

162 2049 339 2136 conscivit
368 2075 407 2136 ut
445 2061 546 2138 illum
575 2076 810 2160 sequeretur..
843 2062 1009 2155 Quorum
1044 2067 1209 2138 omnium
1229 2064 1328 2138 solus
1348 2077 1387 2137 tu

164 2202 276 2251 causa
314 2203 353 2252 es
385 2191 423 2252 et
451 2193 571 2268 caput.
613 2178 730 2252 Dulce
767 2178 832 2250 tibi
867 2177 1086 2254 vocabulum
1122 2184 1382 2278 imposuerunt,

162 2317 284 2366 amara
311 2307 395 2368 sunt
414 2293 508 2368 lacta
537 2308 644 2367 tua...
668 2295 786 2368 Deum
803 2306 838 2366 te
858 2295 1046 2392 appellant
1065 2295 1140 2382 alii,
1166 2298 1386 2394 nescioquo
1459 2279 1468 2299 ⁵

164 2433 281 2482 errore
301 2409 468 2484 sensibus
483 2414 558 2484 suis
576 2423 652 2484 tum
673 2409 819 2508 spoliati
861 2445 868 2482 :
906 2409 990 2485 vide
1010 2414 1091 2510 quis
1112 2410 1174 2483 ille
1194 2412 1295 2485 Deus
1310 2437 1386 2510 per·

165 2524 280 2596 hiberi
318 2524 439 2600 valeat
468 2518 530 2624 qui
550 2552 642 2624 quos
657 2525 826 2600 educavit
857 2525 1010 2600 occidit!
1047 2557 1066 2597 »
1097 2527 1129 2599 A
1158 2552 1232 2626 quo
1255 2527 1385 2602 melius

164 2641 276 2714 Amor
302 2640 463 2716 accusari
490 2655 614 2738 posset
643 2667 753 2740 quam
782 2656 923 2740 epatre
957 2641 1020 2715 illo
1044 2647 1253 2717 excruciato
1278 2655 1324 2730 et,
1348 2656 1387 2716 ut

162 2755 368 2830 novissimis
389 2760 423 2830 C
422 2755 586 2831 elestinae
604 2757 721 2830 verbis
736 2770 829 2858 utar,
863 2787 881 2826 «
899 2761 1020 2845 omnis
1035 2758 1155 2832 solatii
1176 2771 1317 2832 exsorte
1345 2761 1383 2831 in

161 2885 335 2968 perpetua
355 2872 424 2946 hac
445 2898 686 2948 aerumnarum
699 2873 793 2948 valle
815 2903 833 2944 »
855 2875 871 2945 l

211 2987 294 3060 Tali
332 2993 569 3062 excusatione
596 2991 791 3064 Fernando
823 2991 866 3062 de
896 2988 1010 3090 Rojas
1041 3015 1128 3064 usus
1160 3003 1215 3064 est
1243 3004 1281 3064 ut
1310 2989 1384 3062 illis

113 3179 119 3188 ,
162 3103 395 3177 satislaceret¹
407 3109 469 3204 qui
489 3104 728 3180 obscenitatis
747 3104 1083 3204 Tragicomoediam
1097 3130 1201 3179 suam
1216 3108 1387 3180 condem-

161 3218 315 3293 nabant.
339 3219 424 3292 Non
439 3224 537 3293 enim
559 3220 738 3294 libertatis
761 3221 909 3294 modum
925 3224 1082 3294 excessit
1108 3223 1180 3293 nisi
1214 3234 1253 3295 ut
1279 3223 1385 3294 veris·
1499 3212 1501 3214 ’

160 3336 264 3405 simis
297 3335 522 3432 imaginibus
554 3335 667 3408 animi
700 3361 836 3410 errores
874 3347 1104 3434 extorqueret
1141 3348 1177 3408 et
1210 3335 1386 3410 lubricam

161 3447 332 3522 fiduciam
352 3464 545 3524 excuteret.
565 3453 657 3546 Quae
678 3451 842 3525 defensio
857 3450 1093 3548 scriptoribus
1112 3476 1254 3549 semper
1263 3476 1385 3525 occur-

161 3569 207 3637 rit
238 3564 409 3639 omnibus
438 3571 501 3665 qui
534 3571 660 3640 omnia
696 3567 864 3654 dicenda,
899 3570 1066 3665 quamvis
1097 3571 1217 3666 turpia
1246 3572 1319 3640 sint
1351 3579 1388 3640 et

164 3685 314 3778 impura,
340 3680 409 3753 sibi
430 3681 653 3778 permittunt.
679 3681 845 3756 Forsitan
867 3680 970 3756 multi
992 3683 1130 3772 dicant,
1168 3708 1235 3756 nec
1265 3687 1387 3754 imme-

166 3798 243 3880 rito,
270 3819 344 3867 non
365 3808 439 3868 tam
468 3801 506 3869 in
525 3796 660 3870 talibus
680 3797 781 3871 libris
814 3811 1031 3894 praeceptum
1056 3797 1194 3871 bonum
1215 3823 1387 3896 apparere

162 3935 272 4008 quam
305 3911 473 4010 exempla
495 3937 606 4011 prava
631 3926 667 3986 et
696 3913 821 3986 noxia.
858 3911 997 3986 Maline
1033 3911 1172 4004 famuli,
1205 3917 1387 4010 castigato

165 4026 398 4126 Sempronio,
418 4053 579 4128 unquam
597 4027 803 4102 deiecerunt
826 4029 839 4100 l
860 4027 959 4120 Quid
983 4027 1128 4100 demum
1155 4054 1222 4101 nos
1242 4025 1388 4102 calisto

162 4142 325 4217 docuerit
342 4148 411 4218 nisi
433 4157 599 4217 amantes
617 4143 765 4242 juvenes
784 4143 886 4216 fatali
908 4147 1034 4216 nescio
1053 4169 1127 4242 qun
1147 4148 1182 4216 vi
1202 4157 1239 4216 et
1257 4147 1386 4217 immu-

162 4258 264 4330 tabili
284 4260 378 4333 volvi
397 4261 645 4333 necessitate?
666 4258 857 4334 Celestina
877 4263 1089 4355 ceteroquin
1117 4281 1262 4333 omnem
1287 4283 1386 4332 vere-

164 4373 334 4447 cundiam
350 4375 516 4448 effundit.
543 4374 664 4468 Quam
680 4401 739 4466 ne,
762 4373 856 4448 sicut
875 4373 983 4472 Alejo
1004 4376 1048 4447 de
1078 4375 1249 4476 Venegaq
1269 4403 1288 4444 ‹<
1309 4400 1385 4448 non

166 4488 400 4583 Celesbnam,
419 4517 480 4564 sec
497 4490 733 4566 Scelestinam
749 4522 767 4561 >›
789 4516 928 4581 vocem,
953 4505 1025 4580 aut,
1050 4495 1143 4565 sicut
1162 4491 1258 4566 Luis
1276 4490 1385 4565 Vives

167 4634 186 4674 x
205 4606 446 4704 nequitiarum
465 4618 652 4704 parentem
665 4619 702 4679 et
722 4629 903 4680 carcerem
920 4629 1128 4697 amorum»,
1149 4633 1223 4680 non
1236 4631 1383 4708 possum

166 4745 243 4794 non
263 4725 383 4795 minus
398 4745 508 4821 quam
528 4725 729 4795 Cervantes
742 4720 998 4820 reprehendere
1018 4720 1117 4818 quod
1131 4722 1279 4820 pudoris
1293 4721 1386 4796 fines

164 4841 375 4914 transierit:
1134 4833 1153 4931 5'
