3388 5458
689 523 728 537 —
747 505 788 571 ω
809 524 847 536 -

162 652 306 722 maticis
325 675 409 723 vero
424 647 559 721 italicis
575 673 650 720 non
672 653 790 723 minus
811 635 921 748 quam
951 651 1066 746 poetis
1081 649 1238 747 gratiam
1253 645 1381 722 relerre

161 762 292 860 debet.¹
306 766 450 837 Etenim
467 763 514 835 ab
529 765 582 836 eis
602 768 654 836 ita
676 764 883 838 dramaticae
909 767 995 836 artis
1020 774 1200 861 praecepta
1230 761 1380 836 edoctus
1454 795 1458 804 Δ

159 891 214 950 est
229 892 267 952 ut
281 880 428 978 dialogo
459 907 544 953 usus
571 881 616 953 sit
645 881 705 978 qui
727 907 806 968 nec,
831 883 972 953 sicutin
990 878 1168 977 prioribus
1190 876 1378 977 EcglogiS‚

158 995 301 1083 exilior,
324 1023 390 1069 nec
412 1002 505 1069 sicut
529 1001 566 1068 in
588 997 790 1085 Celestiun,
811 999 964 1068 nimium
981 999 1151 1092 copiosus
1182 1011 1218 1066 et
1249 992 1379 1066 redun-

158 1111 252 1184 dans
268 1137 346 1185 esse
367 1113 517 1201 videtur,
542 1113 807 1210 comoediaeque
828 1111 1075 1209 hispaniensis
1095 1121 1220 1207 aptam
1236 1134 1380 1206 compo·

157 1226 327 1299 sitionem
346 1249 382 1302 et
403 1255 523 1301 veram
544 1228 695 1300 lormam
724 1233 860 1324 primus
882 1225 1122 1324 descripserit.
1145 1223 1381 1323 Propaladz'oe

159 1349 447 1438 «prooemium»
470 1349 498 1417 si
532 1343 719 1434 evolveris
750 1343 954 1416 Aristotelis
988 1340 1157 1438 discipuli
1192 1340 1379 1440 cujusdam

157 1465 422 1532 commentaria
442 1465 479 1532 in
502 1459 670 1532 manibus
691 1459 824 1560 habere
853 1458 1012 1556 putabis.
1044 1457 1246 1530 Comoediae
1281 1459 1379 1529 enim

157 1593 314 1662 quatuor
332 1602 410 1648 esse
431 1589 549 1673 partes
573 1577 701 1649 Torres
726 1576 899 1649 Naharro
930 1573 1086 1646 affirmat
1120 1572 1275 1671 (scilicet
1299 1597 1379 1670 pro·

156 1691 303 1780 thesim,
333 1691 613 1788 catastropham.
648 1690 839 1787 prologum
856 1703 892 1796 ct
916 1689 1139 1786 epithasim),
1166 1688 1380 1785 nullamque

155 1807 353 1904 perfectam
374 1835 453 1882 esse
473 1808 634 1880 labulam
655 1807 828 1904 praedicat
844 1833 925 1905 quae
945 1831 1019 1878 non
1040 1831 1060 1878 e
1087 1808 1252 1904 quinque
1273 1830 1379 1878 cons-

155 1936 209 1994 tet
229 1924 384 1997 actibus
409 1925 529 2018 Quam
551 1923 784 2020 disciplinam
807 1921 972 2019 frangere
991 1922 1083 2020 Lupe
1106 1923 1150 1994 de
1171 1921 1268 2020 Vaga
1288 1919 1379 2018 ejus-

154 2063 228 2134 que
258 2039 427 2137 discipuli
444 2067 518 2112 non
540 2039 774 2124 dubitabunt,
809 2038 872 2111 sed
907 2037 1004 2111 haud
1039 2037 1173 2133 majore
1194 2040 1231 2108 in
1260 2039 1380 2134 spatio
1411 2081 1416 2096 ·

155 2177 224 2226 sua
244 2153 435 2228 includent
468 2181 587 2252 opera.
625 2153 825 2227 Plurimum
856 2155 1065 2251 ceteroquin
1090 2151 1327 2249 proiecissent
1347 2153 1376 2224 si

155 2269 380 2342 Bartolomei
415 2270 570 2343 consilio
589 2274 805 2367 paruissent,
838 2293 1148 2366 personarumque
1181 2279 1217 2341 et
1242 2279 1378 2364 tempo·

156 2410 235 2458 rum
256 2391 450 2484 aequiorem
467 2387 656 2459 duxissent
679 2389 856 2458 rationem
881 2420 888 2457 ι
914 2414 932 2453 «
955 2385 1010 2458 Ne
1030 2382 1119 2482 quid
1139 2408 1261 2457 servus
1280 2381 1378 2457 dicat

155 2514 219 2574 aut
238 2500 350 2574 faciat
370 2501 468 2602 quod
489 2502 627 2574 domini
646 2505 825 2598 proprium
847 2503 904 2589 sit,
930 2525 997 2572 nec
1020 2503 1106 2572 item
1128 2511 1266 2572 contra.
1293 2498 1373 2596 »(1)

156 2617 414 2691 Grammaticis
430 2621 541 2690 etiam
561 2617 592 2688 T
587 2643 690 2690 orres
700 2615 871 2696 Naharro
884 2615 1143 2712 obtemperata
1158 2613 1291 2714 quibus
1303 2613 1378 2686 uno

154 2744 191 2804 et
209 2731 291 2805 loco
311 2745 347 2805 et
362 2746 522 2830 tempore
541 2731 667 2805 utendi
696 2736 894 2805 necessitas
910 2729 1051 2804 comico
1070 2741 1185 2828 poetae
1205 2731 1376 2828 imposita

153 2860 220 2920 est.
243 2846 429 2920 Divinam
446 2847 555 2948 igitur
574 2873 676 2922 suam
697 2847 734 2919 in
754 2845 939 2943 publicam
951 2849 1048 2919 viam
1060 2844 1199 2919 inducit
1214 2871 1261 2918 ne
1275 2847 1370 2942 prio·

152 2988 232 3035 rum
247 2989 483 3061 personarum
500 2963 624 3038 sedem
640 2975 768 3051 mutet,
790 2964 844 3060 (2)
861 2973 929 3036 ne'c
949 2965 987 3035 in
1017 2961 1201 3042 comoedia
1219 2961 1373 3052 Imenea,

153 3094 207 3153 tot
236 3093 272 3152 et
305 3092 381 3153 tam
410 3080 569 3154 mirificis
601 3080 708 3153 rebus
729 3077 930 3177 implicata,
951 3078 1032 3176 plus
1065 3080 1249 3152 consumit
1269 3100 1378 3176 quam

152 3195 285 3293 viginti
302 3209 337 3269 et
358 3209 513 3293 quatuor
526 3197 644 3270 horas

207 3313 441 3411 Quamquam
452 3312 588 3386 Italicis
612 3311 726 3410 poetis
749 3323 785 3383 et
803 3312 1054 3410 grammaticis
1071 3308 1223 3382 multum
1247 3307 1379 3381 Torret

153 3429 329 3502 Naharro
357 3427 477 3520 debet,
509 3454 617 3501 nemo
649 3441 772 3508 tamen
800 3426 845 3499 de
876 3451 919 3498 eo
947 3425 1077 3498 melius
1111 3426 1240 3498 meruit
1266 3447 1378 3521 quam

153 3545 366 3618 Fernando'
383 3547 426 3617 de
458 3544 583 3644 Rojas
619 3543 702 3616 Non
732 3541 829 3615 enirn
858 3568 878 3614 e
907 3540 1095 3614 Celestz'na
1125 3539 1221 3638 quid,
1256 3552 1294 3612 ut
1325 3542 1378 3612 ita

156 3659 293 3749 dicam,
316 3661 509 3734 comoediae
526 3687 654 3758 corpus
670 3659 824 3750 deceret,
856 3659 919 3731 sed
954 3657 1042 3756 quid
1070 3661 1233 3731 animum
1260 3658 1379 3753 ipsum

156 3775 301 3850 didicit.
320 3777 497 3873 Neglecta
513 3789 633 3849 autem
653 3775 765 3873 ejus«
786 3777 818 3847 T
813 3778 913 3875 rep‘ea
935 3805 954 3844 »
976 3799 1060 3874 quae
1077 3772 1167 3846 nihil
1186 3771 1286 3846 aliud
1301 3797 1379 3869 pro·

154 3897 315 3990 positum
337 3893 447 3966 habet
466 3919 574 3992 quam
592 3894 844 3965 Lusitanorum
865 3915 984 3988 regem
1007 3891 1056 3963 D.
1078 3890 1236 3962 Manuel
1260 3887 1380 3986 publi·

154 4012 210 4081 cis
229 4008 412 4082 celebrare
428 4007 599 4081 landihus
627 4011 695 4106 (3),
724 4011 762 4079 in
783 4022 852 4080 tres
872 4020 991 4103 partes
1011 4016 1151 4104 oportet
1178 4004 1381 4078 dramatica

153 4123 393 4223 Propaladz'oe
421 4150 530 4221 opera
552 4125 771 4221 distinguas.
787 4121 991 4197 Comoediae
1011 4126 1166 4220 primum
1191 4119 1380 4220 Aqut'lana

153 4254 192 4314 et
209 4237 399 4314 Calamr'ta
415 4266 489 4314 non
505 4239 612 4314 simul
628 4266 671 4314 ac
688 4252 818 4314 ceterae
834 4242 872 4311 in
887 4236 1017 4335 vulgus
1031 4240 1177 4312 emissae
1198 4248 1283 4311 sunt
1301 4247 1339 4310 et
1358 4261 1378 4308 e

189 4495 230 4556 (1)
246 4493 388 4544 Prohemio.

189 4574 228 4638 (2)
249 4572 494 4636 ComediaJacinta.

189 4653 227 4718 (3)
244 4651 361 4703 Forsitan
375 4650 505 4702 comoedia
515 4648 626 4712 Jacinta
640 4648 674 4698 ad
687 4645 909 4714 Tragicomoedias
921 4648 1115 4713 componendas
1130 4645 1199 4712 apud
1219 4645 1264 4697 Gil
1279 4644 1380 4697 Vicente

154 4731 275 4792 nonnihil
286 4732 401 4784 valuerit.
1351 4725 1357 4736 ‘
