3416 5460
745 541 900 639 -37'.

250 720 394 814 Quibus
420 720 552 794 auxilis
583 719 630 794 ad
658 720 885 794 Celestinam
915 723 1209 821 componendam
1229 725 1426 798 Fernando

196 839 241 909 de
259 835 373 936 Rojas
392 862 477 910 usus
496 839 577 910 est?
602 839 655 910 Ex
682 836 846 927 conlu50,
878 851 916 913 ut
937 842 987 912 ita
1003 837 1137 928 dicam,
1157 864 1286 914 acervo
1306 866 1423 914 rerum
1454 901 1458 916 .

197 953 428 1049 antiquarum
468 979 560 1050 quas
584 953 742 1050 legendo
771 963 806 1025 et
827 953 1008 1027 studendo
1043 954 1258 1029 condiderat
1279 955 1422 1031 haurire

196 1079 353 1166 poterat.
376 1068 594 1168 jamdudum
624 1067 677 1141 illi
700 1073 822 1168 quiin
852 1071 1033 1167 Hispania
1052 1097 1164 1168 parvo
1197 1071 1420 1146 eruditorum

196 1190 235 1258 in
267 1211 417 1258 numero
450 1185 729 1282 reponebantur,
763 1210 828 1260 seu
867 1185 1075 1287 theologiae,
1100 1177 1165 1260 seu
1195 1186 1283 1286 juris
1311 1189 1416 1286 periti

194 1296 315 1390 erant,¹
335 1300 460 1374 omnia
482 1327 566 1400 quae
584 1300 799 1374 didicissent
819 1315 1001 1376 ostentare
1020 1301 1203 1376 solebant.
1219 1303 1417 1397 Quaecum-

195 1444 267 1515 que
283 1419 398 1490 Dares
415 1416 607 1514 Phrygius,
620 1419 749 1516 Dictys
766 1418 951 1492 Cretensis
962 1434 1024 1492 aut
1041 1419 1222 1494 Galterius
1233 1419 1417 1494 Castillio·

194 1537 320 1606 nensis
333 1548 592 1630 congesserant
607 1538 642 1604 in
660 1533 771 1605 libros
784 1560 869 1607 suos
884 1535 1071 1632 deportare
1090 1562 1164 1608 non
1180 1534 1411 1627 dubitabant,

193 1676 262 1722 nec
295 1654 456 1748 antiquis
501 1650 661 1722 moribus
700 1649 980 1724 christianorum
1015 1675 1132 1724 mores
1172 1651 1359 1724 incondite
1379 1664 1414 1726 et

192 1770 475 1864 incongruenter
494 1769 657 1837 miscere.
682 1765 878 1866 Alexandri
900 1792 1030 1862 poema
1055 1766 1152 1866 quod
1182 1767 1327 1868 Segura
1346 1766 1414 1840 sub

189 1880 264 1952 fine
295 1884 388 1953 tertii
409 1880 540 1952 decimi
557 1879 683 1954 saeculi
713 1881 855 1978 scripsit
878 1881 968 1953 nihil
988 1895 1041 1955 est
1072 1885 1142 1955 nisi
1167 1881 1408 1954 amentissimi

190 1995 357 2068 Annales
393 1994 590 2093 inquibus
619 1995 809 2080 Vulcanus
848 1995 1210 2094 Hierosolymitarum
1239 1999 1437 2094 episcopo

189 2111 344 2194 occurrit
356 2124 391 2184 et
407 2113 549 2186 Oceani
562 2110 656 2184 ladis
672 2113 834 2184 Domina
845 2111 1205 2210 Philosophia.Talis
1219 2111 1411 2209 farraginis

189 2252 291 2299 amor
310 2253 372 2324 per
387 2227 616 2300 millesimum
638 2227 1039 2326 quadringentesimum
1066 2226 1242 2302 saeculum
1258 2240 1411 2326 augetur

188 2355 225 2416 et
252 2367 315 2440 per
334 2341 565 2416 millesimum
597 2347 932 2442 quingentesimum
952 2344 1199 2418 vehementior
1216 2342 1277 2432 lit;
1301 2367 1409 2439 quem

188 2462 358 2558 invenias
385 2463 423 2530 in
450 2458 571 2557 lyricis
602 2459 788 2558 epicisque
821 2459 1049 2557 poematibus
1080 2485 1100 2532 e
1132 2458 1266 2556 quibus
1286 2459 1409 2556 hispa-

186 2574 327 2648 niensis
367 2605 386 2642 ‹<
408 2577 654 2653 Romanceros
701 2589 864 2664 constat,
918 2601 984 2648 nec
1031 2602 1104 2649 non
1156 2587 1192 2648 et
1229 2579 1266 2646 in
1308 2572 1409 2646 libris

185 2694 409 2788 equestrium
430 2691 578 2764 heroum
595 2690 700 2765 lactis
720 2691 854 2764 deditis
869 2691 986 2765 solute
1005 2704 1039 2764 et
1056 2689 1206 2763 licenter
1219 2689 1408 2762 florentem

183 2818 223 2879 et
244 2811 439 2903 vigentem.
460 2806 520 2879 Nil
542 2831 629 2902 ergo
657 2811 786 2880 mirum
815 2811 845 2879 si
867 2807 1060 2880 Fernando
1078 2809 1121 2878 de
1140 2804 1255 2905 Rojas
1286 2829 1408 2891 aequa-

185 2921 275 2993 lium
296 2920 416 2996 studio
435 2924 554 3010 cessit,
578 2947 659 2994 cum
681 2927 881 3019 praesertim
914 2920 1171 2995 nonnullarum
1202 2923 1407 3016 imaginum

182 3035 346 3110 licentiae
398 3039 630 3134 antiquorum
687 3037 986 3134 philosophorum
1040 3039 1292 3109 auctoritatem
1354 3046 1431 3108 tot·

184 3155 383 3250 praeceptis
401 3165 436 3224 et
457 3155 682 3248 argumentis
701 3152 926 3249 praetendere
946 3152 1136 3226 videretur.

235 3269 319 3342 Non
345 3266 561 3341 eruditionis
601 3267 718 3341 solnm
756 3282 791 3341 et
830 3268 1008 3342 doctrinae
1042 3267 1229 3341 materiam
1264 3268 1405 3362 antiqui

180 3382 479 3478 suppeditabant,
523 3410 644 3457 verum
694 3389 803 3456 etiam
843 3383 1064 3481 exemplaria
1101 3395 1136 3455 et
1162 3381 1406 3478 componendi

178 3522 319 3594 genera
340 3525 423 3596 quae
451 3498 598 3596 quidem
633 3516 807 3573 renovata
827 3515 924 3591 sunt,
944 3527 1018 3573 non
1043 3504 1094 3571 ita
1109 3509 1234 3571 tamen
1254 3511 1293 3571 ut
1314 3496 1405 3569 nihil

180 3617 391 3687 imitatione
417 3615 691 3713 exprimendum
712 3615 947 3712 praebuerint.
977 3616 1176 3713 Nunquam
1196 3639 1285 3686 sane
1322 3612 1405 3685 doc·

178 3741 302 3802 torum
323 3730 442 3804 studio
461 3744 546 3828 apta
579 3748 614 3803 et
633 3731 827 3804 theatralia
848 3757 958 3828 opera
978 3735 1017 3802 in
1051 3728 1232 3827 Hispania
1262 3728 1405 3826 plebem

177 3845 451 3919 delectaverunt
471 3880 478 3938 ς
500 3873 641 3944 semper
669 3873 754 3920 vero
776 3847 939 3944 legentes
959 3872 1096 3944 paucos
1125 3857 1293 3919 assecuta
1305 3859 1402 3917 sunt.

178 3961 453 4050 Escorialensi,
480 3963 635 4059 exempli
665 3988 787 4052 causa,
808 3967 846 4035 in
876 3961 1099 4038 bibliotheca
1132 3965 1323 4033 inventum
1341 3970 1406 4049 ,est

175 4080 353 4173 scriptum
379 4078 563 4174 quoddam
587 4077 756 4151 volumen
790 4093 825 4151 et
864 4082 960 4152 circa
995 4075 1224 4177 Johannisll
1264 4088 1406 4171 tempus

176 4196 422 4288 compositum
454 4197 581 4292 inquo
601 4194 725 4267 decem
756 4194 913 4268 Senecae
947 4192 1139 4291 tragoediae
1173 4190 1330 4264 elatino
1368 4189 1405 4262 in
1455 4293 1457 4298 ,

175 4306 366 4403 vulgarem
411 4335 613 4382 sermonem
653 4311 842 4384 translatas
887 4323 984 4383 sunt.
1028 4307 1218 4383 Nonnulla
1256 4331 1403 4404 quoque

175 4421 341 4519 ejusdem
365 4440 483 4521 poetae
510 4439 678 4521 excerpta
693 4431 730 4498 in
747 4426 892 4522 publica
906 4447 941 4498 et
953 4425 1167 4498 Madrilensi
1182 4422 1405 4495 bibliotheca

174 4553 369 4612 servantur
389 4544 458 4634 (1).
483 4543 558 4614 Nec
582 4540 719 4614 minore
740 4541 860 4614 studio
880 4545 1052 4638 antiquas
1078 4539 1280 4612 comoedias
1316 4551 1403 4610 tunc
1457 4557 1458 4562 ’

211 4726 250 4788 (1)
266 4723 328 4773 Haec
344 4728 376 4774 D.
394 4727 499 4775 rthrrrrcel
515 4729 608 4780 Catule
626 4727 720 4794 primus
735 4727 887 4792 designavit.
903 4726 943 4780 Ct.
960 4726 1055 4780 Teatro
1071 4724 1185 4792 Espafiol
1202 4725 1243 4774 del
1262 4723 1404 4789 sigloxvr.

171 4803 291 4864 Madrid,
309 4807 377 4869 1885.
1431 4815 1432 4824 ¹
