3416 5460
704 499 861 564 ..51-

171 663 355 738 turbatam
370 663 530 737 ostendit
558 674 593 735 et
613 665 716 759 quasi
751 663 974 734 innocentiae
1007 663 1156 734 conscia
1185 672 1393 758 exspectare

172 777 314 852 videtur
332 777 528 877 tranquillo
550 777 651 850 vultu
671 778 756 850 dum
777 788 974 872 tempestas
992 774 1119 850 sedata
1147 779 1206 848 sit.
1230 775 1323 850 Cum
1340 779 1392 848 ira

171 895 322 991 virginis
351 897 575 991 conquievit,
619 892 710 964 lalsa
743 891 931 966 verborum
963 889 1197 964 obscurorum
1230 890 1392 989 imagine

172 1008 362 1106 deceptam
382 1035 460 1082 esse
487 1007 684 1081 Melibeam
706 1007 789 1080 lena
818 1020 942 1080 nostra
975 1032 1132 1080 asserere
1165 1033 1239 1080 non
1272 1009 1385 1097 timet,

172 1124 327 1224 ideoque
346 1151 385 1199 se
412 1129 554 1198 venisse
582 1136 621 1197 ut
658 1122 830 1220 quaedam
862 1145 964 1198 sacra
997 1126 1171 1213 carmina,
1209 1121 1388 1222 quasdam

168 1265 291 1312 sacris
314 1240 486 1338 reliquias
504 1253 640 1338 peteret
669 1238 800 1336 quibus
819 1238 932 1312 morbi
953 1236 1085 1334 depelli
1105 1240 1273 1312 soleant:
1296 1239 1398 1312 adeo*

169 1354 317 1428 bunibs
331 1368 366 1428 et
385 1354 485 1430 vultu
508 1357 667 1428 demisso
687 1354 898 1453 loquiturut
925 1358 1027 1450 virgo
1060 1354 1166 1426 fidem
1195 1340 1388 1428 fallacibus

169 1471 298 1558 verbis,
340 1471 469 1544 habitu
498 1470 593 1544 lenae
619 1471 783 1568 decepta,
811 1469 965 1543 tribuat.v
989 1469 1084 1543 Turn
1117 1483 1236 1576 astuta
1270 1469 1390 1545 vetula

141 1587 322 1660 ..allectus
347 1612 490 1661 movere
518 1585 669 1683 virginis
695 1599 847 1660 conatur
870 1598 906 1658 et
930 1611 1017 1684 erga
1044 1585 1222 1676 Calistum
1243 1591 1387 1660 misera·

169 1706 306 1776 tionem
322 1707 415 1776 ciere
431 1689 503 1802 qui
519 1702 657 1801 deperit
680 1716 715 1776 et
728 1701 801 1800 jam
831 1705 869 1774 in
895 1727 939 1776 eo
971 1713 1027 1774 est
1047 1716 1087 1776 ut
1106 1727 1201 1776 mors
1219 1702 1289 1776 sibi
1323 1706 1388 1774 im·

170 1832 311 1893 matura
346 1823 549 1892 immineat.
580 1818 724 1913 Quibus
744 1817 879 1892 auditis
907 1819 1031 1892 animo
1051 1822 1194 1915 penitus
1226 1819 1390 1892 turbatur

169 1933 268 2032 virgo
288 1949 323 2007 et
336 1933 408 2032 jam
442 1934 489 2007 ad
510 1933 792 2008 misericordiam
831 1937 987 2023 vertitur,
1012 1959 1096 2032 quae
1129 1933 1188 2008 via
1215 1948 1310 2008 recte
1340 1933 1387 2008 ad

170 2075 328 2124 amorem
350 2050 481 2124 ducere
496 2051 649 2125 videtur.

219 2165 339 2260 Quam
359 2170 459 2240 varia
478 2180 598 2240 autem
618 2179 653 2238 et
674 2165 863 2264 multiplex
888 2165 1076 2240 Celestina
1094 2165 1248 2254 videtur,
1274 2192 1384 2266 quam

142 2261 255 2378 ⁶apta
274 2293 314 2354 ut
344 2281 598 2356 diversissimis
625 2279 899 2356 conditionibus
928 2280 1241 2356 accommodetur!
1276 2282 1317 2355 Si
1346 2287 1384 2356 in

171 2398 314 2472 Eclesia
334 2400 486 2490 desidet,
505 2424 560 2473 res
574 2397 762 2500 religionis
777 2423 902 2472 curare
914 2397 1053 2488 credas
1071 2398 1164 2472 adeo
1179 2399 1383 2475 modestum

171 2511 332 2616 habiturn
356 2515 520 2589 habetet
540 2513 678 2588 defixos
702 2512 740 2587 in
761 2527 855 2588 terra
874 2513 1020 2606 oculos;
1043 2513 1107 2588 sed
1134 2540 1190 2588 res
1222 2514 1327 2589 aliter
1345 2541 1385 2591 se

170 2627 304 2721 habet;
328 2630 515 2704 Celestina
534 2630 632 2704 enirn
652 2629 705 2702 nil
725 2634 762 2702 ni
784 2629 951 2704 homines
980 2629 1196 2705 alliciendos
1219 2631 1382 2706 etrlemi·

170 2770 235 2818 nas
250 2771 272 2817 a
287 2745 464 2844 pudicitia
483 2745 698 2820 avertendas
717 2749 876 2843 cogitat;
900 2749 930 2819 si
946 2749 1040 2819 inter
1055 2759 1186 2820 matres
1209 2746 1255 2819 ad
1268 2752 1384 2846 suspi-

169 2864 312 2935 cionem
331 2887 464 2960 pronas
478 2875 650 2952 versatur,
674 2861 766 2936 adeo
795 2872 907 2935 artem
931 2861 1146 2936 amovendae
1167 2863 1385 2962 suspicionis

169 2976 275 3051 callet
290 2989 329 3052 ut
343 2978 422 3052 sola
441 3003 523 3052 curn
543 2965 746 3076 virginibus
759 3002 851 3077 quas
868 3003 952 3051 mox
970 2981 1009 3050 in
1028 2976 1154 3053 vitium
1177 2983 1224 3054 sit
1247 2979 1382 3055 adduc·

168 3106 247 3166 tura
261 3093 497 3193 relinquatur.
521 3097 595 3190 Qui
616 3093 791 3171 honorem
816 3093 985 3192 religiose
1014 3094 1139 3169 colunt
1154 3121 1239 3170 mox
1255 3095 1383 3172 habitu

168 3207 322 3284 honesto
337 3210 531 3320 Celestinae
545 3210 720 3285 falluntur
738 3235 820 3284 cum
845 3234 1030 3284 sermones
1055 3211 1131 3310 ejus
1147 3211 1303 3287 audiunt
1329 3211 1381 3287 nil

168 3326 236 3400 nisi
263 3351 390 3425 puram
419 3341 454 3400 et
484 3327 663 3424 integram
697 3331 865 3401 virtutem
898 3339 1085 3402 sonantes.
1117 3329 1218 3424 Quid
1251 3329 1381 3428 plural

167 3441 278 3517 Nulla
301 3455 355 3517 est
374 3443 458 3516 lena
493 3470 576 3542 quae
597 3468 743 3518 cumea
771 3442 826 3516 vel
847 3442 1026 3518 industria
1041 3445 1306 3520 diversissimas
1325 3473 1381 3521 res
1417 3543 1420 3548 Ι

166 3559 419 3657 amplectente,
461 3559 516 3634 vel
554 3585 697 3634 summa
734 3558 1038 3634 ludificandorum
1085 3561 1274 3638 hominum
1318 3576 1381 3638 aut

166 3676 506 3774 corrumpendarum
552 3675 767 3750 feminarum
804 3679 934 3774 peritia
970 3676 1120 3750 conferri
1162 3682 1290 3776 possit.
1328 3679 1381 3752 Ea
1486 3663 1487 3666 Ἴ

164 3792 274 3888 igitur
292 3804 368 3865 arte
384 3818 492 3891 quam
505 3805 632 3892 postea
651 3791 794 3866 coluere
812 3807 947 3866 nostrae
966 3821 985 3862 u
1001 3794 1156 3892 Macette
1177 3825 1196 3864 s>
1211 3807 1247 3867 et
1260 3823 1279 3864 «
1291 3795 1328 3868 F
1328 3822 1382 3868 ro·

163 3906 246 3980 sine
258 3937 276 3976 »
298 3906 348 3980 ita
367 3933 432 3982 usa
449 3920 504 3982 est
524 3922 563 3984 ut
582 3907 660 3983 illae
674 3907 763 3982 filiae
782 3907 916 3982 saltem
948 3907 1161 4000 Celestinae,
1196 3909 1261 3986 sed
1292 3910 1382 3988 filiae

164 4023 263 4099 haud
285 4028 388 4099 matri
404 4049 508 4124 pares
519 4024 724 4101 videantur.
