3416 5460
675 433 834 497 -,7-

135 587 315 659 dicacitas
345 594 381 656 et
412 585 572 654 mimicae
608 583 759 678 ineptiae
799 576 1101 666 admovebantur,
1125 590 1160 652 et
1188 605 1232 652 ex
1253 582 1359 652 veteri

136 702 201 774 illo
217 726 315 774 more
331 725 402 797 quo
424 697 570 771 modum
597 701 749 770 sacratis
763 694 987 767 carminibus
1004 695 1162 792 quadam
1177 695 1363 768 cantilena

137 817 175 888 id
203 829 257 889 est
277 847 295 886 <t
313 815 508 887 vr'llancz'ro
529 845 547 884 r>
578 811 816 910 imponebant
851 810 1054 908 intelligere
1082 811 1205 884 licebit
1230 812 1363 910 quibus

139 933 297 1004 vinculis
318 936 589 1003 innecterentur
603 943 638 1001 et
654 955 709 1000 res
726 940 880 1000 sacratae
909 943 944 1000 et
973 928 1157 1024 popularis
1186 926 1335 1000 licentia
1353 959 1359 1017 ς

138 1073 208 1120 nec
251 1061 373 1120 tamen
419 1069 501 1119 cum
556 1043 762 1116 sacerdotes
807 1042 946 1115 salibus
985 1041 1167 1116 laedantur
1198 1065 1362 1139 unquam

138 1161 286 1235 laeditur
306 1165 384 1258 ipsa
405 1160 555 1256 religi03
580 1185 693 1256 usque
722 1157 815 1231 adeo
843 1157 937 1254 apud
959 1157 1040 1230 illas
1055 1169 1184 1257 gentes
1221 1169 1364 1231 sacrata

137 1293 175 1352 et
205 1281 304 1351 omni
334 1303 457 1350 amore
489 1292 524 1349 et
553 1277 730 1372 obsequio
769 1273 1024 1372 prosequenda
1047 1273 1177 1371 religio
1210 1275 1360 1348 videtur.

189 1396 278 1481 Nec,
303 1397 332 1466 si
353 1393 481 1466 abesse
501 1396 738 1465 reverentiam
774 1393 818 1462 eii
843 1389 914 1463 illis
935 1389 1041 1480 ludis,
1074 1403 1114 1463 ut
1147 1377 1198 1463 ita
1226 1391 1359 1474 dicam,

137 1513 296 1585 scenicis
316 1513 377 1606 qui
400 1513 437 1580 in
458 1509 603 1604 templis
623 1507 825 1580 edebantur
853 1505 1111 1580 confidendum
1141 1519 1206 1595 est,
1246 1509 1364 1602 magis

137 1653 221 1700 eam
249 1629 406 1722 reperias
434 1629 472 1696 in
509 1625 581 1696 illis
612 1653 630 1692 «
651 1633 869 1696 entremeres
883 1619 907 1692 '›>
929 1623 983 1695 vel
1007 1649 1169 1696 amantor
1193 1653 1211 1693 »
1233 1621 1365 1720 quibus

137 1742 309 1816 solebant
343 1739 486 1813 nobiles
512 1739 697 1813 delectari.
721 1737 776 1810 llli
811 1767 829 1807 <r
850 1747 1069 1812 entremeses
1086 1769 1116 1826 »‚
1142 1737 1233 1810 nihil
1264 1736 1363 1810 aliud

138 1883 334 1930 commune
363 1860 430 1927 nisi
461 1881 595 1928 nomen
627 1854 804 1928 habentes
844 1881 925 1928 cum
956 1854 1030 1927 illis
1065 1852 1223 1951 parvulis
1243 1852 1364 1925 mimis

139 2000 233 2071 quos
248 1987 393 2069 postera
410 1971 526 2044 latura
544 1985 620 2043 erat
636 1985 739 2058 aetas,
760 1997 780 2043 e
805 1973 1008 2044 mutatione
1027 1974 1179 2044 vestitus
1199 1982 1234 2042 et
1253 1971 1362 2042 simu·

140 2090 249 2162 lucris
287 2101 323 2160 et
356 2087 551 2160 saltatione
584 2085 850 2160 conflabantur.
882 2088 1037 2160 Necnon
1076 2090 1114 2158 in
1149 2111 1363 2158 canumet»

141 2231 225 2278 cum
245 2209 380 2302 primas
394 2203 572 2276 obtineret
588 2202 749 2289 saltatio,
772 2203 831 2274 hic
852 2229 997 2300 quoque
1024 2207 1175 2276 vestitus
1196 2206 1363 2276 mutatio·

141 2346 208 2392 nes
224 2319 362 2392 fiebant
381 2332 419 2392 ut
434 2319 599 2392 videmus
618 2319 694 2391 fieti
716 2323 753 2390 in
779 2349 796 2387 «
811 2345 922 2391 aizoum
934 2350 952 2388 »
970 2319 1070 2416 cujus
1090 2333 1215 2393 auctor
1231 2323 1364 2396 Gomea

142 2434 343 2532 Maurique
362 2434 428 2508 luit
448 2440 585 2533 quique
601 2440 638 2506 in
654 2434 840 2532 publicum
861 2459 952 2508 xv111
973 2461 1006 2508 a.
1030 2436 1115 2508 Kal.
1140 2435 1364 2510 Novembres

140 2578 241 2623 anno
268 2552 581 2625 MCCCCLXVII
609 2551 805 2649 productus
838 2565 904 2643 est,
930 2556 967 2624 in
1001 2578 1075 2650 quo
1095 2552 1241 2626 demum
1263 2556 1364 2649 regia

139 2667 262 2765 puella
298 2669 419 2740 lsabel
448 2668 494 2740 ab
528 2667 706 2740 Helicone
735 2667 963 2741 descendens
1007 2682 1042 2741 et
1066 2673 1198 2743 vestitu
1218 2669 1362 2742 Musam

139 2783 336 2882 quamdam
371 2782 527 2856 referens
560 2809 670 2880 puero
691 2787 791 2879 regio
825 2782 1016 2882 Alphonso
1045 2783 1119 2882 jam
1139 2799 1249 2858 antea
1281 2796 1363 2856 octo

139 2903 301 2996 praemiis
321 2925 343 2972 a
362 2903 491 2972 ceteris
511 2900 694 2972 sororibus
725 2899 862 2972 donato
895 2913 929 2972 et
964 2905 1043 2997 ipsa
1063 2927 1200 2974 nonum
1227 2901 1361 2973 donum
1388 2895 1392 2904 ’

142 3016 259 3090 allert.

192 3133 246 3205 Ex
266 3131 381 3206 tribus
395 3136 506 3230 igitur
518 3133 692 3222 lontibus,
713 3135 742 3205 si
755 3132 836 3206 haec
852 3137 978 3206 omnia
993 3133 1165 3232 colligere
1181 3133 1360 3222 volumus,
1455 3172 1457 3175 v

142 3252 322 3344 originem
344 3248 491 3323 duxisse
506 3249 642 3322 tabulae
659 3254 740 3322 istae
755 3253 889 3346 priores
910 3248 1140 3340 videbuntur,
1164 3254 1193 3322 si
1216 3251 1363 3349 quidem

142 3365 529 3455 cumerebussacris‚
554 3379 629 3438 tum
663 3393 682 3438 e
716 3365 812 3438 ludis
840 3365 973 3462 quibus
1007 3365 1162 3463 agendis
1193 3366 1365 3440 nobilitas

141 3504 205 3576 per
241 3483 318 3550 otia
354 3483 456 3576 pacis
490 3494 633 3577 tempus
665 3477 816 3570 terebat,
844 3495 920 3554 tum
958 3495 993 3554 et
1020 3482 1181 3555 moribus
1212 3483 1366 3580 plebeiis

107 3645 118 3660 .
142 3593 282 3692 aliquid
298 3593 404 3667 simul
425 3594 624 3668 detraxisse
644 3599 733 3668 satis
753 3609 896 3669 constat
912 3631 919 3687 ;
938 3597 1002 3669 sed
1020 3595 1102 3670 haec
1126 3600 1268 3671 semina
1286 3609 1364 3670 tan·
1441 3579 1444 3586 Ι

144 3723 220 3781 tum
236 3723 349 3797 erant¹
377 3737 445 3783 nec
472 3716 618 3808 propior
637 3716 776 3799 messis,
797 3713 860 3784 sed
876 3713 982 3785 valde
1003 3727 1142 3788 remota
1162 3726 1198 3786 et
1223 3713 1367 3810 longin-

142 3852 228 3923 qua.
265 3826 409 3924 Nempe
440 3826 565 3928 fabula
598 3855 617 3900 e
655 3828 761 3900 rebus
794 3833 907 3902 sacris
937 3843 1015 3903 orta
1049 3830 1195 3903 easdem
1226 3856 1368 3927 semper

141 3937 324 4035 imagines
344 3939 533 4036 praebebat
564 3967 708 4014 necnon
736 3942 866 4015 habitu
899 3943 1026 4015 eodem
1059 3944 1238 4017 utebatur.
1281 3945 1367 4017 Sive

142 4052 239 4125 circa
255 4055 416 4127 natalem
445 4057 545 4154 J.-.C
565 4057 660 4128 diem
680 4071 888 4146 versaretur,
914 4058 1036 4158 angeli
1059 4085 1140 4132 curn
1161 4061 1369 4157 pastoribus

143 4179 309 4242 sanctam
325 4169 501 4243 familiam
518 4172 724 4246 invisebant
740 4173 868 4246 eadem
884 4199 1025 4271 semper
1036 4175 1268 4273 praelerentes
1282 4191 1368 4250 vota

144 4285 385 4382 eamdemque
422 4292 715 4378 venerationem;
757 4289 832 4361 sive
863 4289 907 4362 de
941 4290 998 4362 his
1038 4292 1165 4364 diebus
1196 4292 1369 4366 luctuosis

144 4426 230 4497 quae
251 4427 378 4473 necem
409 4401 596 4474 infandam
628 4405 737 4477 Cristi
765 4404 945 4478 anteirent
983 4421 1157 4504 ageretur,
1201 4409 1370 4483 solennia

145 4530 181 4588 et
201 4516 444 4590 immutabilia
466 4529 502 4590 et
523 4543 606 4591 mox
622 4523 704 4593 trita
725 4547 792 4594 usu
812 4524 976 4594 carmina
996 4522 1252 4598 afferebantur.
1273 4526 1368 4618 Quae

144 4631 251 4706 rudia
266 4646 302 4706 et
318 4659 429 4708 manu
445 4637 614 4732 imperita
629 4637 845 4710 adumbrata
864 4637 1010 4714 intuens
1029 4645 1110 4739 quis
1130 4645 1255 4717 animo
1278 4669 1368 4742 prae·
