3388 5458
853 517 1033 586 -105..

320 707 419 754 meno
435 685 552 778 magis
572 680 700 754 vividis
727 686 976 779 exprimuntur
994 683 1218 781 imaginibus
1233 710 1342 783 quam
1364 684 1548 758 heluones

320 811 381 870 aut
397 796 489 869 lures
510 822 661 894 quorum
673 796 746 868 doli
760 810 812 869 tot
826 799 1018 872 cachinnis
1038 799 1280 896 alegentibus
1299 803 1546 896 excipiuntur.

321 913 475 1006 Quoties
491 913 545 986 vel
568 917 720 984 ministri
742 912 796 986 vel
818 917 937 986 mariti
959 913 1086 988 habitu
1101 914 1232 988 stultus
1248 914 1308 988 ille
1330 945 1346 984 <r
1366 915 1547 1013 simple»

319 1041 549 1126 nuncupatus
582 1028 785 1114 inducetur,
825 1033 895 1100 nisi
925 1033 1024 1125 gravi
1059 1043 1094 1101 et
1123 1029 1389 1104 melancholico
1419 1031 1549 1104 morbo

317 1141 547 1232 laboraveris,
571 1148 681 1216 risum
702 1155 823 1218 tenere
849 1143 978 1217 frustra
1006 1144 1210 1218 conaberis.
1245 1145 1346 1241 Quid
1363 1146 1550 1219 tandem?

318 1288 336 1327 «
353 1260 500 1332 Pasas»
530 1259 610 1355 lios,
642 1259 772 1356 quibus
805 1271 916 1332 antea
945 1259 1035 1333 nihil
1064 1259 1219 1335 similius
1239 1273 1293 1334 est
1316 1288 1427 1360 quam
1449 1264 1550 1335 Aulo

317 1373 377 1448 ille
396 1377 459 1447 del
482 1376 678 1473 Repelorza
707 1375 876 1473 Johanne
903 1377 966 1448 del
994 1375 1141 1450 Encz'rla
1173 1378 1406 1474 compositus
1440 1377 1547 1450 multi

314 1631 411 1694 vero,
435 1633 479 1678 ne
510 1605 604 1678 Lm's
624 1606 771 1704 quidem
800 1609 843 1678 de
877 1607 1094 1698 Beneuenta,
1132 1607 1272 1706 aliquid
1304 1608 1446 1706 scripsit
1478 1616 1542 1684 cui

316 1746 389 1793 non
419 1721 533 1818 digna
570 1726 643 1794 sint
677 1749 762 1820 quae
796 1721 1028 1795 conferantur
1065 1735 1101 1795 et
1137 1723 1316 1824 Dialogus
1352 1725 1487 1796 «sobre
1510 1726 1549 1796 la

315 1836 503 1910 z‘nvencz'on
533 1839 576 1910 de
606 1838 662 1910 las
693 1840 817 1911 calaris
847 1864 913 1936 que
933 1863 970 1912 se
1002 1866 1095 1912 usnn
1114 1865 1229 1939 agera
1247 1871 1264 1910 »
1290 1853 1325 1913 et
1345 1844 1549 1939 praesertim

315 1981 333 2019 <r
354 1953 427 2026 Las
444 1952 647 2027 Acer'tunas
664 1984 697 2025 >›.

363 2067 620 2143 Facetissimos
652 2069 734 2142 illos
766 2069 860 2144 sales
892 2074 929 2143 in
963 2069 1106 2144 duobus
1140 2070 1336 2168 colloquiis
1383 2072 1420 2164 l«
1446 2071 1549 2152 Colo·

311 2182 417 2282 quz'os
430 2187 464 2280 s)
487 2183 615 2257 frustra
636 2212 781 2283 quaeras
806 2203 900 2284 quae,
927 2190 1094 2284 quamvis
1114 2186 1292 2259 interdum
1313 2185 1548 2282 simplicibus

311 2312 346 2372 et
373 2303 544 2396 ingenuis
570 2300 795 2375 illustrentur
815 2302 1053 2398 imaginibus,
1076 2302 1241 2398 figuratis
1269 2314 1305 2374 et
1333 2304 1545 2374 amentissi-

312 2418 380 2486 mis
411 2414 544 2488 fabulis
570 2415 778 2514 plerumque
808 2417 1013 2514 indulgent.
1053 2416 1153 2510 Quid
1173 2421 1271 2489 enim
1302 2421 1339 2488 in
1369 2414 1547 2513 Coloquz'o

309 2531 353 2602 de
372 2533 405 2603 C
403 2529 521 2601 amz'lrz
539 2532 702 2604 videmus
723 2536 791 2604 nisi
813 2531 970 2628 puellam
995 2560 1017 2605 a
1044 2545 1190 2605 tonsore
1212 2532 1388 2604 ambitam
1409 2535 1469 2629 qui
1493 2529 1547 2602 ab

311 2672 354 2719 ea
374 2657 555 2742 postremo
575 2659 675 2742 pater
708 2647 967 2734 nominabitur,
1005 2662 1040 2721 et
1073 2662 1254 2744 pastorem
1279 2647 1447 2744 juvenem
1477 2649 1546 2744 qui

311 2764 471 2858 paternis
505 2761 674 2835 manibus
708 2762 966 2835 interficeretur
990 2763 1018 2835 si
1042 2764 1202 2836 Fortuna
1237 2763 1306 2836 dea
1334 2774 1546 2860 opportuno

310 2889 470 2972 tempore
491 2902 564 2948 non
602 2879 864 2951 interveniret?
898 2879 1009 2953 Plura
1037 2892 1131 2952 certe
1157 2877 1228 2950 dici
1262 2890 1434 2977 possent;
1475 2877 1546 2950 sed

312 2991 487 3063 hactenus
508 2991 644 3064 dictum
665 3019 753 3066 sane
770 2993 963 3066 videbitur.

312 3155 316 3162 ·
360 3107 462 3178 Ficta
483 3132 649 3205 quoque,¹
677 3135 744 3180 nec
774 3113 825 3180 ita
846 3108 1000 3183 absurda
1021 3120 1057 3180 et
1077 3107 1272 3180 verissimis
1292 3110 1403 3181 etiam
1423 3112 1545 3204 pictu·

309 3225 357 3294 ris
369 3226 491 3309 mixta,
512 3227 550 3295 in
567 3239 723 3320 quatuor
736 3225 928 3296 comoediis
940 3229 1164 3328 reperiuntur
1179 3223 1280 3320 cujus
1292 3222 1388 3319 apud
1405 3225 1544 3320 Hispa-

310 3365 376 3411 nos
396 3363 572 3435 magnum
586 3340 653 3412 tuit
675 3341 832 3438 pondus
853 3341 945 3414 Cum
970 3345 1068 3414 enirn
1087 3369 1105 3408 «
1120 3342 1270 3412 ,lledora
1284 3337 1419 3412 »duos
1435 3338 1545 3412 indu-

309 3469 368 3527 cat
382 3453 515 3529 liberos
531 3481 683 3554 quorum
705 3455 796 3529 alter
812 3485 832 3529 a
851 3483 960 3554 puero
981 3470 1103 3554 raptus
1123 3456 1270 3529 domum
1292 3455 1382 3528 redit
1397 3455 1543 3528 mulieri

309 3570 434 3644 habitu
465 3571 613 3644 indutus
640 3585 674 3643 et
706 3577 817 3645 sorori
846 3573 913 3670 ipsi
937 3577 1053 3669 magis
1082 3576 1206 3644 terrori
1235 3582 1290 3643 est
1317 3595 1428 3668 quam
1456 3597 1543 3664 esse

309 3685 428 3773 debet,
462 3687 550 3784 quid
572 3692 665 3760 inter
698 3687 773 3785 ejus
800 3688 961 3761 fabulam
981 3703 1016 3762 et
1037 3701 1091 3761 tot
1113 3687 1205 3760 alias
1222 3691 1369 3760 interest
1403 3686 1541 3785 quibus

308 3803 399 3900 Lupe
424 3805 467 3875 de
504 3805 601 3902 Vega
630 3803 779 3902 ejusque
809 3803 978 3900 discipuli
1017 3816 1167 3876 utuntur
1199 3815 1236 3876 et
1274 3802 1539 3877 delectantur?
1630 3833 1643 3842 ·

305 3915 439 4014 Magis
459 3919 584 4006 lateor,
608 3923 795 3991 veritatem
819 3933 854 3992 et
873 3919 980 3991 fidem
1002 3949 1020 3988 «
1035 3919 1231 3992 Armelz'na
1250 3950 1267 3988 »
1289 3918 1433 3991 excedit
1454 3945 1541 4016 quae

180 4103 184 4108 .
308 4036 467 4106 vicissim
488 4060 616 4130 pueros
633 4049 765 4131 raptoS,
792 4049 948 4108 mutatas
973 4049 1101 4122 vestes,
1122 4040 1331 4133 piratasque
1351 4047 1385 4107 et
1407 4050 1539 4130 magos

306 4150 420 4223 oculis
448 4154 578 4222 nostris
598 4150 772 4247 proponit,
807 4177 874 4222 nec
893 4164 1016 4222 tamen
1055 4150 1146 4223 nibil
1166 4164 1285 4247 poetae
1319 4150 1537 4224 Montalvarz

306 4269 510 4348 imitatione
539 4265 762 4338 referendum
794 4266 961 4362 praebuit.
986 4267 1119 4339 Nonne
1143 4280 1178 4338 et
1198 4267 1290 4364 Lupe
1308 4268 1358 4344 de,
1381 4267 1477 4365 Vega
1498 4279 1537 4338 et

305 4382 516 4456 Montalvan
536 4381 602 4454 tibi
632 4381 722 4454 duas
744 4381 826 4454 illas
851 4383 1053 4456 comoedias
1075 4381 1213 4479 legenti
1235 4393 1427 4454 occurrunt
1446 4406 1535 4477 qua-

304 4523 381 4572 rum
415 4502 518 4596 quasi
552 4502 704 4594 primam
731 4502 888 4594 speciem
925 4497 1026 4570 Italis
1061 4497 1239 4570 Bondello
1275 4495 1532 4569 adumbratam

304 4613 512 4685 obtulerat?
544 4615 635 4707 Quae
651 4628 704 4686 est
738 4618 837 4686 enim
858 4617 896 4686 E
898 4613 1038 4712 usemz'cr
1060 4618 1128 4685 nisi
1147 4613 1370 4686 infinitarum
1390 4611 1532 4708 puella-

304 4754 381 4802 rum
413 4729 599 4827 exemplar
631 4757 726 4827 quae,
764 4731 812 4803 ab
846 4731 908 4803 illa
948 4733 1157 4821 «Duquesa
1191 4733 1234 4802 de
1262 4728 1444 4826 Amalfz'»
1477 4731 1532 4825 (ι)

332 4890 370 4953 (1)
384 4887 417 4940 Cl
425 4891 490 4953 bopo
500 4891 532 4939 de
547 4890 615 4954 Vaga
627 4911 635 4940 :
654 4892 712 4940 «Et
725 4893 884 4956 Mayordomo
895 4893 927 4941 de
939 4893 965 4940 la
978 4893 1092 4954 duquesa
1105 4893 1136 4940 de
1148 4893 1249 4941 Amatis·
1257 4908 1279 4941 ›>.
