3388 5458
831 588 1007 684 -1187-

308 779 391 832 cum
404 756 495 829 tristi
517 755 695 828 comitatu
714 763 750 828 et
770 751 945 826 scelerum
966 765 1001 826 et
1021 752 1196 828 luctuum.
1217 753 1289 827 Lex
1304 753 1400 827 enim
1416 754 1533 828 hono-

294 875 355 960 ’ris
374 870 500 945 tuendi
538 869 750 944 hominibus
787 869 986 966 imponitur
1018 869 1108 943 dura
1140 883 1175 942 et
1210 855 1459 958 irlexorabilis,
1497 882 1535 942 et

307 1013 391 1087 quae
407 986 489 1061 illos
509 1009 698 1059 conserere
719 1011 850 1060 manus
866 1000 902 1058 et
917 984 962 1058 de
980 989 1055 1058 vita
1070 985 1245 1058 dimicare
1260 990 1391 1082 saepius
1407 998 1529 1084 cogat,

307 1117 344 1178 et
373 1103 551 1192 mulieres
576 1101 777 1176 dummodo
804 1105 841 1173 in
861 1101 1106 1199 suspicionem
1127 1101 1288 1199 aliquam
1321 1102 1531 1187 inciderint,

310 1222 349 1294 in
368 1217 579 1292 discrimine
598 1221 685 1292 vitae
706 1217 877 1308 adducat,
907 1243 970 1290 seu
1004 1217 1051 1289 ab
1080 1216 1124 1290 iis
1144 1216 1286 1315 conjux,
1314 1243 1379 1290 seu
1414 1229 1531 1315 pater,

307 1361 372 1410 seu
383 1334 489 1408 lrater
508 1359 637 1432 poenas
656 1345 805 1431 repetat.
830 1333 892 1407 Sic
909 1359 1010 1406 amor
1024 1346 1060 1406 et
1075 1332 1192 1406 honos
1208 1332 1302 1406 inter
1319 1359 1358 1406 se
1372 1336 1534 1431 oppositi

307 1465 343 1526 et
362 1449 547 1526 discordes
560 1449 667 1523 nobis
686 1450 932 1546 spectaculum
961 1461 1166 1548 proponunt
1182 1449 1280 1548 quod
1302 1449 1535 1522 miseratione

307 1582 427 1643 movet
446 1579 482 1640 et
501 1567 650 1656 detinet,
689 1565 862 1664 cujusque
886 1569 1040 1663 primum
1069 1565 1274 1662 exemplum
1306 1579 1342 1638 ot
1360 1571 1530 1664 primam,

306 1696 346 1759 ut
366 1687 418 1757 ita
437 1683 569 1773 dicam,
589 1682 744 1780 figuram
764 1681 1061 1780 Tragicomoedia
1083 1683 1127 1755 de
1157 1685 1191 1756 C
1191 1682 1305 1756 alz'sro
1324 1711 1354 1783 y
1374 1681 1535 1756 Melr'bea

234 1887 237 1890 Ι
306 1796 467 1872 dederat.
1447 1792 1449 1796 ’

357 1913 431 2006 Qui
452 1913 540 2012 quid
571 1913 711 1987 efficere
731 1927 879 2012 possent
907 1918 1047 1986 utinam
1074 1914 1166 2012 Lupe
1193 1917 1237 1986 de
1269 1915 1363 2013 Vaga
1388 1912 1534 2008 plenius

306 2042 474 2126 expertus
501 2031 617 2104 essetl
656 2031 771 2127 Digni
792 2033 891 2102 enim
919 2044 1021 2102 erant
1042 2033 1104 2127 qui
1134 2029 1201 2102 soli
1223 2029 1268 2101 ad
1290 2033 1534 2102 recentiorum

308 2143 488 2219 theatrum
506 2144 806 2219 invalescendum
819 2171 946 2218 omnes
958 2171 1086 2218 nervos
1102 2145 1345 2218 intenderent.
1366 2144 1533 2237 Quorum

307 2285 391 2334 vero
410 2261 519 2336 robur
538 2261 722 2360 fregerunt
742 2273 804 2334 aut
825 2275 1058 2360 corruperunt
1074 2265 1332 2334 amentissimae
1347 2260 1416 2333 illae
1430 2259 1534 2332 labu-

308 2374 352 2450 lae
385 2403 465 2476 quae
497 2404 570 2476 quo
604 2381 723 2476 magis
761 2403 782 2452 a
812 2377 1038 2476 quotidianis
1071 2391 1105 2451 et
1136 2375 1394 2450 verisimilibus
1422 2373 1534 2447 rebus

308 2490 547 2568 abhorrentes
563 2497 746 2594 imagines
765 2506 1017 2591 expresserunt
1046 2521 1089 2568 eo
1109 2492 1229 2592 plures
1244 2494 1391 2590 plausus
1410 2503 1529 2564 sustu·

308 2606 439 2685 lerunt.
479 2610 609 2685 Fateor
640 2608 787 2710 quidem
817 2613 855 2681 in
889 2609 962 2682 illis
990 2614 1078 2708 ipsis
1110 2609 1313 2700 comoediis,
1355 2607 1453 2681 velut
1489 2610 1532 2679 in

307 2723 469 2824 speculo,
509 2726 695 2824 Hispanos
723 2723 804 2815 sibi,
838 2736 878 2798 ut
907 2729 957 2799 ita
977 2725 1109 2816 dicam,
1134 2729 1307 2816 arrisisse,
1341 2728 1414 2797 risu
1444 2749 1532 2796 vero

307 2845 369 2938 qui
398 2844 528 2915 ceteris
546 2840 720 2940 gentibus
750 2867 791 2914 os
817 2866 940 2915 eorum
961 2841 1173 2939 detorquere
1201 2840 1299 2913 visus
1325 2837 1391 2913 est.
1427 2839 1531 2934 Quin

225 3046 236 3070 fl
306 2955 432 3045 etiam,
451 2961 513 3056 qui
536 2983 557 3030 a
578 2956 785 3032 Calderone
804 2957 953 3054 proiecti
973 2971 1057 3031 sunt
1077 2963 1127 3030 ita
1150 2956 1273 3056 populi
1294 2955 1390 3028 vitiis
1411 2955 1532 3029 indul-

306 3088 430 3146 serunt
464 3085 518 3162 ut,
550 3077 650 3147 omni
672 3086 781 3147 exuta
818 3073 1055 3164 humanitate,
1086 3101 1129 3145 ea
1158 3072 1273 3146 solum
1295 3099 1375 3172 quae
1397 3073 1533 3168 Hispa-

307 3191 407 3260 niam
423 3189 630 3264 redolerent
644 3189 819 3287 augendo
833 3190 1030 3263 retulerint.
1054 3191 1118 3264 Sic
1132 3193 1376 3288 hispaniensis
1392 3213 1532 3260 comoe-

305 3303 369 3378 dia
401 3304 568 3378 defloruit
601 3308 690 3404 quia
719 3305 823 3378 fictas
846 3310 1040 3404 praesertim
1065 3332 1121 3379 res
1146 3317 1182 3378 et
1211 3332 1233 3379 a
1259 3305 1351 3378 veris
1370 3315 1532 3377 remotas

306 3435 473 3496 assecuta
493 3421 690 3496 Celestirrae
708 3425 861 3519 vestigia
877 3427 995 3522 magis
1015 3422 1052 3495 in
1066 3423 1145 3497 dies
1164 3421 1335 3497 deseruit.

356 3540 430 3633 Qui
446 3550 566 3612 autem
587 3549 622 3610 et
642 3537 840 3636 quomodo
859 3537 1098 3612 excellentem
1127 3537 1357 3633 theatralium
1378 3561 1530 3634 operum

305 3656 463 3751 speciem
483 3657 588 3752 primi
618 3651 840 3727 absolverint
860 3653 932 3726 alio
954 3653 1036 3728 loco
1054 3653 1247 3728 enodatius
1267 3653 1532 3751 explicavimus

306 3769 374 3866 (ι).
402 3769 490 3842 Haec
518 3773 628 3868 igitur
654 3773 779 3842 omnia
807 3773 934 3867 paucis
953 3770 1072 3844 verbis
1091 3769 1218 3843 relerre
1247 3783 1303 3842 sat
1322 3772 1400 3841 erit.
1424 3769 1529 3864 Quid

305 3883 402 3957 enim
423 3885 469 3959 ad
490 3884 759 3958 informandum
771 3888 1010 3958 recentiorum
1022 3885 1201 3959 theatrum
1217 3884 1296 3958 ltali
1310 3887 1531 3958 valuerunt?

305 4001 361 4073 Ne
376 4025 499 4074 eorum
519 3999 721 4098 tragoedias
741 4025 936 4073 memorem
953 4027 1037 4098 quae
1059 4002 1240 4074 Senecam
1254 3999 1433 4098 pleraeque
1453 4013 1529 4073 tur-

303 4115 401 4213 gidis
421 4119 613 4190 sententiis
634 4129 882 4215 corrumpunt,
901 4115 937 4188 in
958 4116 1150 4189 comoediis
1174 4121 1285 4189 etiam
1307 4142 1386 4213 quae
1407 4120 1530 4212 magis

304 4257 325 4305 e
345 4230 533 4322 Celestr'na
552 4231 829 4306 similitudinem
845 4232 983 4304 ducunt
1000 4231 1049 4322 (2)
1071 4231 1159 4304 nihil
1177 4234 1344 4304 invenias
1357 4234 1426 4303 nisi
1442 4230 1531 4304 aliis

304 4348 396 4421 alias
416 4347 622 4446 implicatas
641 4346 784 4420 fabulas
799 4359 834 4420 et
856 4371 930 4434 quo
950 4347 1196 4444 voluptatibus
1216 4360 1251 4418 et
1273 4345 1432 4418 mollitiis
1452 4345 1530 4442 ple-

305 4467 425 4537 niores
455 4489 498 4538 eo
531 4464 739 4538 licentiores
767 4479 802 4536 et
833 4468 1027 4560 praviores
1071 4461 1226 4561 Hispani
1263 4475 1383 4535 autem
1413 4461 1529 4560 longe

333 4687 368 4752 (r)
386 4685 445 4750 Qua
461 4688 488 4737 in
503 4687 610 4736 materia
623 4694 739 4738 versatur
752 4686 829 4736 thesis
844 4693 950 4738 nostra:
972 4701 987 4736 e
1002 4688 1035 4734 La
1053 4687 1162 4736 comedia
1179 4685 1313 4749 espaguole
1329 4701 1360 4733 en
1382 4686 1482 4736 Franco
1496 4689 1531 4736 de

301 4767 393 4828 Hardy
405 4769 421 4814 ὰ
433 4767 529 4815 Racine
542 4784 563 4818 r.

333 4848 372 4914 (2)
389 4847 430 4898 Cl.
445 4849 553 4913 Ippolr'to
564 4849 700 4903 Salviani:
717 4851 774 4900 «La
787 4851 904 4914 Ruffiana
918 4864 932 4900 r
945 4857 970 4898 et
984 4849 1072 4898 Pietro
1086 4849 1177 4897 Aretin
1191 4864 1197 4902 :
1218 4864 1231 4897 rr
1244 4850 1280 4898 La
1293 4849 1449 4912 cortigiana
1465 4865 1493 4901 r).
