3416 5460
849 493 1012 576 ..38-

306 653 472 733 evolutas
485 680 566 731 esse
580 653 682 730 testis
695 667 751 729 est
765 655 881 757 Rojas
891 660 969 755 ipse
980 659 1043 756 qui
1060 659 1099 729 in
1115 653 1314 731 Celestinoe
1327 654 1536 755 appendice

306 800 375 848 nos
394 786 518 847 monet
541 797 581 846 se
609 771 801 845 Plautinas
819 787 855 846 ct
874 774 1117 846 Terentianas
1136 771 1280 846 tabulas
1299 785 1387 845 ante
1406 771 1537 845 oculos

306 888 492 964 babuisse.
521 887 563 961 Si
602 898 723 961 autem
757 887 891 961 Plauto
909 884 964 961 'et
999 887 1173 962 Terentio
1212 914 1288 961 non
1320 886 1451 960 eadem
1479 903 1539 960 est

307 1028 423 1092 mens,
451 1028 526 1076 non
547 1003 645 1076 idern
668 1001 815 1076 dicendi
831 1029 958 1101 genus,
978 1007 1007 1076 si
1029 1002 1091 1075 ille
1110 1003 1314 1091 vicomica,
1332 1002 1392 1076 hic
1411 1013 1536 1075 autern

309 1119 537 1219 lepidissima
555 1143 791 1216 personarum
811 1123 932 1216 specie
970 1133 1007 1191 et
1037 1143 1154 1191 rerum
1173 1123 1349 1192 varietate
1367 1131 1531 1216 praestat,

309 1249 462 1335 uterque
495 1247 619 1307 tamen
652 1234 808 1312 similem
842 1234 1039 1308 comoediae
1065 1234 1206 1308 lorman
1241 1237 1369 1308 ollerre
1395 1233 1540 1308 videtur

311 1376 423 1451 quam
439 1349 642 1423 describere
669 1349 766 1424 baud
788 1350 911 1448 magni
931 1365 987 1424 est
1010 1349 1156 1424 laboris
1181 1353 1222 1424 In
1249 1377 1400 1425 scenam
1435 1353 1537 1423 enim

311 1469 473 1541 vicissim
488 1465 735 1564 producuntur
753 1492 851 1540 nunc
864 1491 971 1539 senes
981 1479 1043 1539 aut
1055 1465 1235 1541 faciliores
1251 1480 1314 1540 aut
1324 1470 1533 1554 severiores,

313 1606 456 1680 semper
463 1605 546 1654 vero
561 1579 703 1680 decepti
717 1615 725 1673 ;
740 1607 838 1656 nunc
851 1581 1001 1679 juvenes
1016 1581 1150 1678 quibus
1162 1581 1276 1680 major
1285 1596 1339 1654 est
1354 1581 1539 1679 cupiditas

314 1723 426 1799 quam
451 1697 567 1796 pudor
583 1730 591 1787 3
620 1723 719 1773 nunc
731 1697 884 1771 lenones
903 1697 1104 1770 avarissimi
1123 1731 1130 1788 ;
1153 1702 1360 1771 meretrices
1378 1697 1540 1795 denique

315 1829 352 1890 et
368 1811 568 1914 praesertim
592 1817 685 1886 servi
703 1813 905 1888 subdolosi.
935 1813 1032 1907 Quae
1059 1839 1187 1887 omnes
1219 1839 1387 1911 personae
1408 1814 1539 1886 eodem

316 1955 433 2006 retum
458 1927 556 2004 nodo
583 1927 758 2002 aPlauto
778 1929 940 2018 liberius,
958 1955 981 2002 a
1010 1931 1184 2003 Terentio
1217 1929 1387 2002 solertius
1419 1928 1539 2026 impli-

316 2057 457 2120 cantur.
469 2044 623 2143 Semper
639 2048 737 2117 enim
752 2043 894 2141 juvenis
902 2044 1075 2142 cupidine
1094 2043 1244 2144 flagrat;
1262 2044 1387 2118 obstat
1402 2070 1515 2117 senex
1531 2077 1538 2134 ;

317 2161 420 2237 deest
428 2163 604 2258 pecunia;
619 2172 695 2235 tum
708 2159 803 2234 dolis
815 2159 980 2234 ridiculis
990 2187 1116 2234 senem
1128 2161 1174 2232 ad
1185 2161 1251 2234 lilii
1263 2175 1348 2235 vota
1357 2159 1543 2258 explenda

318 2303 441 2354 servus
452 2276 635 2350 adducere
650 2289 815 2354 conatur.
828 2278 876 2349 Ut
889 2277 980 2350 intra
990 2276 1141 2364 videbis,
1155 2279 1392 2350 Terentianae
1403 2275 1542 2350 labulae

319 2389 488 2467 nonnihil
499 2375 1219 2490 FernandodeRojasinTragicomoedia
1231 2418 1297 2466 sua
1308 2391 1543 2490 disponenda

318 2509 454 2596 retulit,
476 2533 544 2582 nec
570 2507 762 2582 Plautinos
798 2507 894 2581 sales
921 2507 1143 2604 dedignatus
1167 2522 1222 2582 est
1263 2523 1299 2581 ut
1325 2507 1484 2582 lamulos
1507 2521 1546 2581 et

320 2627 526 2698 meretrices
553 2626 646 2696 inter
663 2648 702 2698 se
721 2623 914 2722 loquentes
933 2622 1131 2697 induceret.

369 2737 548 2838 Equidem
566 2763 645 2836 ,non
665 2742 795 2836 ignoro
814 2739 967 2812 lenones
988 2739 1120 2812 multos
1151 2742 1190 2811 in
1219 2739 1335 2812 latina
1359 2740 1549 2812 comoedia

320 2880 415 2944 esse,
435 2852 575 2928 nullam
594 2879 680 2928 vero
697 2855 819 2930 lenam
840 2881 925 2952 quae
942 2854 1142 2928 Celestinae
1163 2869 1298 2928 uostrae
1319 2854 1452 2928 similis
1467 2859 1517 2926 sit
1538 2886 1547 2942 ;

321 2973 386 3049 sed
401 2971 512 3046 talem
529 2970 604 3069 jam
620 2971 807 3045 mulierem
827 2972 1011 3068 elegorum
1027 2976 1219 3069 scriptores
1238 2971 1550 3044 adumbraverant

321 3114 414 3188 quos
439 3087 554 3187 Rojas
586 3086 697 3184 longe
734 3086 838 3160 abest
872 3101 911 3160 ut
947 3086 1152 3160 fastidierit.
1191 3087 1409 3184 Propertius
1445 3084 1548 3160 verbi

321 3203 453 3303 gratia,
489 3201 688 3276 Acanthim
721 3201 921 3300 quamdam
959 3221 1165 3276 exsecratur
1202 3228 1312 3300 quam
1345 3201 1550 3276 Celestinae

322 3318 585 3418 propemodum
604 3317 825 3392 avunculam
851 3343 931 3390 esse
955 3317 1069 3392 dicas.
1102 3318 1236 3391 Nonne
1255 3321 1348 3390 veris
1363 3316 1552 3389 coloribus

323 3460 496 3534 expressa
522 3447 578 3508 est
605 3433 728 3508 vetula
751 3433 825 3520 illa,
850 3433 959 3506 modo
983 3433 1171 3530 ignobilis,
1201 3432 1311 3507 modo
1337 3432 1481 3506 subtilis
1509 3446 1551 3505 et

324 3554 454 3639 cornis,
482 3575 624 3649 semper
643 3574 730 3623 vero
744 3549 872 3622 sitiens
887 3565 923 3622 et
942 3554 1170 3646 copiosarum
1184 3574 1373 3622 coenarum
1390 3547 1551 3645 cupida?

324 3665 440 3766 Maga
458 3690 607 3764 quoque
625 3677 682 3738 est
700 3667 925 3762 venenisque
952 3679 988 3736 et
1009 3665 1234 3737 carminibus
1255 3663 1409 3737 fluentes
1429 3689 1551 3762 aquas

326 3780 492 3854 inhibere
506 3791 542 3852 et
561 3780 661 3854 lunae
682 3777 859 3852 mandata
893 3779 1079 3876 imponere
1098 3792 1249 3876 potest;
1290 3778 1549 3876 corrumpendi

326 3921 411 3970 vero
429 3910 543 3968 artem
561 3899 746 3993 praecipue
764 3921 809 3967 ea
821 3899 922 3967 novit
941 3921 1026 3992 quae
1050 3895 1129 3967 sola
1146 3896 1375 3991 Hippolitum
1391 3895 1552 3968 Veneris

326 4035 481 4097 servunt,
500 4011 800 4110 Penelopamque
828 4012 979 4083 Antinoi
1014 4011 1181 4108 pellicem
1201 4010 1374 4101 lecisset;
1408 4009 1552 4082 timidis

325 4139 362 4200 et
380 4131 492 4200 castis
510 4126 723 4200 mulieribus
738 4131 926 4225 ,pretiosas
957 4141 1075 4200 vestes
1094 4141 1130 4199 et
1149 4139 1367 4198 ornamenta
1385 4139 1550 4199 ostentat

326 4241 459 4341 quibus
472 4241 652 4340 pudicitia
671 4243 763 4317 laesa
783 4255 956 4340 pensatur
974 4275 981 4332 ;
1005 4257 1101 4316 artes
1120 4242 1228 4315 docet
1248 4242 1382 4341 quibus
1407 4245 1551 4314 amicus

326 4361 430 4456 quasi
451 4383 575 4432 servus
592 4359 693 4432 domi
713 4361 898 4446 retinetur,
923 4384 991 4430 nec
1012 4384 1086 4430 non
1102 4358 1342 4456 etjuvenibus
1360 4357 1490 4431 suadet
1509 4373 1551 4431 ut

323 4472 546 4574 juvenilibus
564 4477 673 4547 annis
692 4487 841 4547 utantur
854 4489 889 4546 et
910 4472 1119 4548 abutantur.
1139 4472 1263 4546 Altera
1290 4478 1329 4545 in
1351 4472 1550 4546 Amoribus

326 4591 372 4688 (l,
394 4592 434 4686 8)
454 4589 648 4678 Acanthis,
666 4592 819 4686 Dipsam
840 4589 936 4675 dico,
970 4589 1176 4688 invenitur;
1214 4589 1278 4662 sed
1304 4589 1462 4664 Ovidius
1484 4592 1549 4686 qui

327 4709 479 4807 ingenio
515 4731 581 4779 suo
614 4707 723 4780 nimis
761 4705 975 4802 indulgebat
996 4709 1090 4776 inter
1109 4711 1274 4778 carmina
1306 4721 1342 4780 et
1373 4704 1552 4777 veneficia

326 4834 487 4896 moratur
499 4820 631 4920 quibus
646 4823 731 4897 lena
742 4847 805 4920 per
820 4835 965 4894 noctem
984 4835 1021 4894 et
1040 4821 1187 4894 umbras
1208 4821 1363 4907 evolare,
1389 4833 1553 4893 mortuos
