3388 5458
868 505 1050 569 -108—

348 680 587 766 prosequatur
605 667 807 758 blanditiis,
831 667 959 765 puellae
981 671 1127 740 virtutes
1151 679 1187 739 et
1215 671 1359 741 sutoriae
1387 670 1474 739 artis
1500 664 1575 738 ins·

348 797 530 858 trumenta
550 789 587 856 in
608 801 791 857 certamen
808 785 955 857 deducit
968 797 1002 856 et
1016 781 1224 856 inconsulta
1239 783 1452 880 scurrilique
1472 781 1574 854 dica·
1682 805 1683 824 ¹

348 903 457 973 citate
477 899 668 972 confundit
694 915 728 972 ct
750 900 945 996 perturbat.
969 903 1036 996 (ι).
1061 901 1164 994 Quae,
1191 903 1258 971 etsi
1288 924 1310 970 a
1336 897 1575 994 simplicitate

348 1027 381 1089 et
397 1019 547 1089 veritate
563 1015 767 1102 abhorrent,
786 1043 859 1088 non
882 1015 918 1088 in
936 1016 1117 1111 Hispania
1134 1027 1279 1087 tantum
1294 1013 1489 1087 floruerunt
1505 1013 1574 1086 sed

348 1155 370 1204 a
400 1133 556 1206 Scurron
583 1133 678 1228 apud
705 1131 834 1206 Gallos
862 1137 1055 1228 importata
1082 1143 1166 1204 sunt
1186 1143 1222 1204 et
1242 1129 1303 1204 diu
1322 1129 1474 1228 probata
1501 1129 1570 1224 (a),

348 1245 466 1320 donec
490 1247 645 1322 Bor'leau
661 1263 695 1320 et
715 1247 884 1336 Molz‘dre,
908 1249 1095 1344 praeceptis
1127 1245 1200 1335 ille,
1224 1245 1283 1318 hic
1299 1261 1419 1319 autem
1449 1269 1572 1316 exem·

347 1362 418 1458 plis
433 1388 496 1460 pro
526 1363 748 1437 immanibus
769 1363 945 1460 ejusmodi
965 1362 1056 1460 jocis
1076 1362 1327 1434 humaniorem
1348 1373 1383 1434 et
1402 1360 1574 1435 urbanio-

346 1503 419 1550 rem
441 1483 550 1552 risum
570 1505 634 1551 eos
654 1480 857 1553 docuerint.
1523 1497 1527 1502 ’

337 1634 341 1643 ·
397 1595 545 1690 Optime
562 1594 800 1668 nihilominus
816 1595 861 1668 de
878 1595 1105 1692 hispaniensi
1123 1594 1267 1668 theatro
1279 1594 1371 1692 Lupe
1384 1595 1428 1666 de
1441 1595 1573 1667 Rueda

341 1715 488 1800 meruit.
514 1714 735 1785 lotermixtis
755 1715 855 1783 enim
875 1711 1100 1808 joculatoriis
1119 1711 1262 1784 labellis
1276 1723 1311 1782 et
1331 1713 1441 1782 etiarn
1457 1709 1571 1783 salta-

345 1826 507 1899 tionibus
556 1826 781 1926 frequentem
819 1827 865 1900 ad
899 1826 1038 1924 pulpita
1075 1825 1199 1899 allexit
1237 1824 1408 1923 populum
1458 1849 1571 1923 quem

347 1969 365 2009 ‹<
386 1941 549 2042 Introyto
566 1973 584 2012 »
623 1967 688 2015 suo
705 1941 922 2016 delectatum
945 1955 980 2015 et
1008 1972 1026 2012 ‹<
1049 1943 1276 2041 Argumenta
1292 1971 1310 2010 »
1336 1940 1570 2013 admonitum

343 2083 458 2156 usque
491 2057 537 2129 ad
567 2057 677 2130 finem
707 2058 884 2158 longioris
904 2070 939 2131 et
959 2057 1149 2131 definitum
1179 2055 1376 2154 quemdam
1400 2055 1570 2130 ordinem

345 2177 524 2245 servantis
557 2171 754 2269 spectaculi
789 2172 920 2245 ducere
948 2185 983 2245 et
1016 2176 1170 2245 retinere
1194 2171 1320 2245 valuit.
1353 2172 1437 2246 Non
1461 2170 1572 2244 aliter

335 2287 519 2385 ‘majorum
556 2294 718 2361 no'strum
756 2287 1048 2362 benevolentiam
1083 2287 1292 2361 Alexander
1326 2289 1462 2386 Hardy
1494 2286 1568 2360 sibi

344 2402 555 2476 conciliavit
575 2417 610 2476 ct
631 2403 764 2501 dignus
784 2403 848 2476 luit
871 2408 928 2477 cui
946 2429 1102 2500 magnas
1122 2407 1261 2500 gratias
1287 2405 1501 2500 posteriores
1531 2416 1571 2476 ct

344 2518 459 2591 multo
478 2519 722 2616 praeclariores
744 2519 976 2594 theatralium
996 2544 1143 2617 operum
1178 2532 1344 2592 auctores
1374 2517 1565 2591 deberent.

343 2634 476 2708 N'onne
494 2660 675 2722 summam
697 2661 842 2734 quoque
872 2636 967 2734 apud
992 2649 1156 2733 posteros
1177 2639 1299 2732 gentis
1332 2661 1405 2707 suae
1435 2649 1568 2731 poetas

339 2736 494 2848 gratiam
524 2752 617 2849 Lope
635 2755 678 2824 de
697 2755 823 2825 Rueda
852 2757 944 2842 iniit,
969 2750 1282 2850 quandoquidem,
1305 2755 1399 2824 veris
1419 2750 1568 2848 ignobi-

340 2864 428 2939 lium
452 2880 659 2940 naturarum
691 2869 916 2965 imaginibus
935 2867 1100 2965 fictisque
1122 2867 1292 2940 Italorum
1313 2865 1444 2938 fabulis
1464 2864 1568 2940 haud

339 2985 461 3078 inepte
487 2983 631 3080 junctis
667 2985 862 3057 multorum
895 2984 1043 3082 plausus
1082 2987 1194 3056 movit
1221 2985 1283 3081 qui
1320 3007 1376 3054 res
1400 2986 1494 3054 inter
1524 3009 1568 3056 se

338 3103 541 3172 contrarias
565 3105 736 3172 non'tam
761 3099 798 3171 in
820 3105 1054 3197 personarum
1074 3099 1191 3173 verbis
1213 3123 1322 3196 quam
1344 3101 1381 3170 in
1402 3101 1567 3195 ipsorum

338 3213 702 3292 animis-notissimas
721 3229 757 3288 et
777 3215 981 3289 carissimas
1000 3215 1227 3312 reperiebant
1247 3218 1263 3287 i
1283 3214 1381 3309 Quia
1408 3241 1493 3288 vero
1513 3216 1568 3289 ad

338 3353 486 3401 caveam
517 3331 710 3427 praesertim
743 3329 946 3428 spectabat,
978 3322 1105 3428 nequc'
1125 3329 1317 3403 comoediis
1348 3334 1432 3417 suis
1466 3334 1568 3404 sicut

287 3481 289 3486 ·
341 3445 371 3516 Τ
368 3471 472 3518 orrea
488 3447 669 3534 Nulrarrq
691 3445 934 3544 disciplinam·
948 3447 1146 3544 quamdam
1163 3459 1224 3517 aut
1239 3445 1366 3518 saltem
1387 3447 1567 3518 verisimi-

337 3561 530 3636 litudinem
552 3567 734 3660 imposuit,
758 3571 912 3661 nequee
933 3563 1122 3637 Celestina
1147 3561 1324 3664 tragicam
1353 3577 1388 3635 et
1416 3562 1566 3659 gravio-

336 3703 411 3751 rem
427 3683 560 3752 amoris
576 3692 611 3752 et
631 3679 780 3752 honoris
795 3684 953 3775 speciem
974 3704 1096 3752 eruere
1112 3691 1266 3752 conatus
1281 3690 1348 3752 cst.
1433 3699 1436 3704 ·

316 3785 320 3794 ⁴
385 3796 580 3894 Tragicum
616 3799 734 3891 magis
767 3798 829 3893 qui
861 3798 892 3868 ei
927 3807 1178 3868 successerunt
1211 3793 1391 3866 interdum
1422 3797 1564 3891 spirare

334 3911 513 4001 videntur,
544 3938 618 3984 non
643 3915 694 3983 ita
725 3924 849 3984 tamen
883 3925 921 3984 ut
952 3938 973 3984 a
1005 3915 1095 3982 mira
1122 3909 1323 3983 fabularum
1359 3910 1565 3998 insolentia

335 4026 559 4099 abstineant.
596 4027 688 4120 Quae
722 4024 850 4100 contra
885 4031 1002 4123 magis
1034 4025 1144 4098 fidem
1174 4025 1354 4098 excedunt
1374 4051 1418 4098 ea
1438 4031 1564 4123 magis

335 4145 524 4238 magisque
545 4146 787 4239 spectantium
805 4142 961 4215 lavorem
979 4157 1262 4240 consequuntur.
1277 4142 1332 4214 Ne
1348 4142 1563 4238 spectacula
1581 4149 1585 4156 ’

334 4282 353 4328 e
373 4256 549 4354 religione
564 4270 642 4330 orta
663 4284 860 4332 memorem
882 4261 948 4354 (3),
972 4284 1123 4357 quorum
1145 4273 1307 4347 stuppae
1323 4271 1358 4331 et
1377 4262 1562 4356 portentis

363 4502 401 4568 (1)
414 4517 427 4551 t<
440 4504 574 4552 Armelina
585 4521 607 4555 a.

363 4587 401 4645 (2)
411 4584 451 4633 Cl.
463 4584 577 4649 ¹exempli
589 4585 678 4650 gratia,
692 4601 707 4634 c
720 4589 774 4635 Don
789 4585 890 4650 Japhet
902 4586 1050 4634 d'Armlnr'e
1062 4601 1084 4634 ».

362 4665 400 4728 (3)
415 4664 455 4713 Cr.
470 4645 542 4734 berbi
554 4664 645 4730 gratia,
660 4665 861 4726 Jar'meFerrua
877 4682 883 4717 :
902 4667 1043 4715 «Autode
1057 4667 1124 4715 Cain
1142 4685 1162 4729 y
1181 4668 1272 4716 Abel»
1290 4685 1299 4724 ,·
1326 4674 1351 4716 et
1370 4667 1508 4716 Francisco
1525 4669 1560 4718 de

330 4745 369 4795 las
384 4739 482 4796 Cuevas
495 4766 502 4792 .·
516 4760 530 4794 s
543 4746 611 4798 Aulo
622 4746 664 4799 del
679 4746 804 4798 Martirio
816 4747 848 4800 de
859 4746 910 4794 San
926 4745 1005 4808 Justo
1016 4763 1034 4813 y
1051 4749 1142 4799 Pastor
1154 4747 1247 4812 (1568).
1547 4745 1550 4749 ⁴
