3388 5458
782 473 965 516 -Ιω-

265 615 360 688 lictis
379 618 671 714 portentosisque
690 631 861 688 constant
888 613 1021 686 iabulis
1048 613 1182 708 quibus
1203 613 1294 712 Lope
1321 617 1366 688 de
1391 617 1488 716 Vega

265 729 414 828 ejusque
428 729 595 827 discipuli
618 730 875 826 indulgcbunt.
901 731 1137 824 Peregrinum
1160 735 1196 798 in
1220 761 1238 796 a
1254 731 1445 827 Aquiliana
1468 763 1487 800 »

265 846 429 920 videmus
449 850 524 944 qui,
550 845 807 942 Hispaniensis
832 863 868 917 et
895 845 1006 940 regiae
1026 849 1178 940 virginis
1202 869 1325 918 amore
1344 863 1486 943 captuS,

264 985 375 1060 prope
394 975 449 1033 est
466 977 506 1034 ut
525 987 606 1032 cum
634 960 768 1034 dilecta
794 961 915 1056 puella
939 977 1061 1056 pereat
1077 960 1280 1057 eodemque
1300 965 1381 1058 ipso
1398 985 1488 1034 tem·

265 1101 351 1175 pore
384 1077 601 1149 Hunnorum
632 1081 728 1172 regis
756 1077 853 1148 filius
881 1091 916 1147 et
947 1101 1102 1173 sponsus
1128 1081 1367 1150 renuntiatur.
1403 1077 1489 1150 Non

266 1194 387 1266 minus
419 1211 547 1264 contra
580 1191 687 1263 fidem
728 1232 744 1258 r
781 1189 1008 1265 Calamitam
1044 1222 1062 1256 s>
1101 1217 1181 1262 esse
1213 1191 1442 1265 existimabis
1457 1196 1488 1264 si

268 1307 417 1382 Romuli
451 1333 575 1380 casum
606 1307 777 1380 audieris,
812 1307 875 1379 llle
903 1305 1001 1378 enim
1029 1307 1169 1380 Siculae
1202 1312 1362 1380 civitatis
1392 1313 1489 1405 prin-

266 1449 353 1522 ceps
390 1421 553 1520 quinque
581 1422 674 1494 tilias
705 1449 798 1518 aegre
833 1422 967 1492 terebat
1000 1427 1275 1518 proximamque
1304 1423 1418 1496 liliam
1450 1450 1490 1496 se

267 1543 469 1612 occisurum
490 1563 569 1610 esse
587 1539 778 1634 juraverat.
804 1536 964 1608 Pastoris
988 1539 1097 1634 igitur
1118 1536 1193 1608 filio
1212 1543 1251 1608 in
1271 1538 1348 1634 ejus
1368 1538 1488 1612 locum

267 1655 477 1738 substituto,
502 1671 641 1725 sextam
669 1669 783 1724 mater
812 1653 923 1724 liliam
949 1657 1101 1723 servavit
1128 1679 1238 1748 quam
1266 1653 1489 1726 Calamitam

267 1797 346 1844 esse
364 1770 437 1868 jam
454 1767 677 1841 intellexisti.
701 1767 764 1860 l¹)'
785 1792 792 1806 ·

317 1884 516 1960 Celestince
534 1901 657 1955 tamen
686 1887 928 1954 imitationem
963 1909 1077 1978 usque
1098 1887 1192 1955 inter
1217 1885 1384 1956 insolitas
1406 1883 1491 1957 illas

260 2017 304 2108 'et
332 2001 504 2074 mirificas
523 1998 665 2070 tabulas
692 1997 797 2068 iacile
816 1997 1000 2093 dispicias.
1025 1999 1108 2070 Duo
1127 2003 1226 2070 enim
1243 2002 1282 2071 in
1299 1998 1491 2096 Aquilana

268 2116 530 2204 horticultores,
556 2113 730 2186 Felicina:
764 2112 900 2184 famula
937 2131 972 2186 et
1012 2115 1176 2210 Aquilini
1206 2118 1370 2188 minister
1395 2120 1491 2188 veris

268 2233 516 2332 depinguntur
544 2227 727 2301 coloribus
743 2227 876 2326 quibus
894 2228 966 2324 jam
994 2230 1031 2300 F
1030 2231 1189 2300 ernaudo
1206 2233 1250 2302 de
1268 2231 1383 2330 Rojas
1402 2257 1491 2305 usus

267 2367 335 2424 est,
351 2349 520 2448 Jusquini
545 2371 690 2442 quoque
711 2349 748 2414 in
771 2373 789 2410 <t
803 2343 993 2417 Calamt'ta
1012 2375 1030 2403 κ»
1054 2346 1210 2416 artificia
1230 2373 1252 2418 a
1279 2347 1489 2444 Sempronii

268 2464 453 2539 fraudibus
486 2461 582 2536 haud
619 2461 769 2532 multum
818 2459 1026 2531 abhorrent.
1062 2461 1289 2534 Floribundo
1320 2479 1415 2535 certe
1452 2475 1490 2535 et
1568 2449 1571 2454 ¹
1688 2543 1689 2566 χ

269 2584 303 2655 C
302 2578 458 2652 calamita
478 2603 546 2650 nec
561 2580 695 2648 amoris
712 2602 778 2647 nec
800 2575 947 2647 honoris
962 2601 1108 2670 gravem
1125 2591 1160 2648 et
1177 2581 1313 2648 variam
1329 2576 1489 2674 speciem

269 2696 432 2795 praebent
450 2718 524 2792 qua
554 2690 696 2771 Calislo
715 2705 750 2762 et
782 2691 939 2763 Melz'bea
966 2694 1003 2761 in
1032 2709 1209 2764 aetcrnum
1241 2693 1486 2782 illustrantur;

268 2838 384 2886 rerum
401 2835 485 2882 vero
503 2807 734 2879 familiarium
755 2805 892 2878 laceras
912 2821 947 2878 et
967 2805 1138 2880 ridiculas
1155 2813 1337 2905 imagines
1359 2811 1490 2882 Turres

268 2929 440 3002 Naharro
459 2925 647 3018 descripsit
667 2947 751 3018 quae
762 2926 805 2991 in
827 2923 861 2994 C
860 2921 1016 2994 elcatina
1032 2949 1106 2994 non
1123 2923 1351 2999 humiliorem
1367 2924 1488 2998 locum

268 3057 445 3116 tenerent.
469 3040 621 3112 Torcazi
649 3040 746 3108 enim
767 3037 940 3110 stultitias
967 3036 1047 3134 lege
1067 3051 1129 3111 aut
1151 3039 1295 3112 Libinae
1322 3053 1358 3112 et
1378 3041 1488 3113 Esco·

269 3158 354 3230 laris
367 3180 563 3240 sermones,
585 3152 850 3249 licentioraque
869 3152 933 3224 sed
944 3153 1064 3225 vivida
1083 3167 1119 3227 et
1130 3158 1285 3228 nitentia
1300 3155 1489 3228 miraberis

268 3274 389 3348 verba.
413 3274 476 3344 Sic
493 3268 708 3368 loquebatur
724 3268 911 3342 Celestina
937 3295 1017 3341 cum
1039 3271 1178 3342 ardenti
1194 3270 1324 3343 Calisti
1351 3271 1488 3345 famulo

268 3389 500 3488 possidendae
527 3387 676 3458 Areusae
711 3409 811 3480 spem
838 3384 1054 3458 ostendebat
1080 3403 1115 3458 et
1146 3386 1193 3458 ad
1226 3385 1396 3460 ellectum
1426 3387 1488 3460 ad-

268 3505 439 3580 ducebat.
954 3507 959 3516 '

316 3620 425 3694 Talia
454 3631 489 3690 et
510 3615 626 3714 magis
659 3615 833 3712 improba'
864 3620 900 3685 in
939 3615 1100 3689 secunda
1127 3618 1363 3716 Propaladice
1387 3633 1489 3715 parte

267 3739 506 3836 reperiuntur,
539 3730 651 3802 idest
684 3733 721 3800 in
750 3730 941 3801 comoediis
977 3757 1070 3828 quas
1094 3766 1103 3796 <
1125 3731 1327 3806 anaticia»
1358 3734 1488 3806 Torret

268 3854 440 3928 Nahnrro
455 3861 573 3921 vocat.
593 3849 685 3919 Cum
701 3850 799 3918 enim
820 3850 857 3916 in
877 3851 930 3919 eis
950 3846 1202 3922 Bartolomeus
1225 3874 1341 3922 rerum
1356 3861 1393 3921 et
1411 3874 1488 3944 per·

267 3991 437 4041 sonarum
468 3969 504 4035 in
534 3961 666 4060 quibus
695 3961 859 4059 quotidie
871 3973 1030 4035 versatur
1049 3965 1249 4060 ingenuam
1268 3976 1304 4036 et
1316 3975 1485 4042 exactam

269 4086 468 4180 imaginem
510 4077 628 4151 oculis
667 4102 866 4174 proponere
903 4080 1039 4174 cupiat,
1077 4077 1259 4151 Femandi
1291 4082 1335 4152 de
1371 4079 1487 4178 Rojas

267 4212 379 4272 artem
407 4212 442 4269 et
471 4197 648 4266 rationem
681 4205 841 4289 usurpat.
870 4194 955 4286 Qua
979 4207 1100 4265 autem
1121 4199 1270 4269 veritate
1299 4199 1337 4269 in
1375 4225 1393 4266 «
1407 4195 1486 4272 Sol·

265 4317 416 4389 dodesca
433 4343 451 4380 »
472 4314 603 4384 summi
624 4309 808 4408 pontificis
823 4307 957 4381 milites
984 4308 1224 4408 colliguntur!
1246 4313 1331 4386 Non
1346 4311 1485 4386 eisdem

267 4456 310 4503 ac
340 4427 515 4502 Centurio
534 4425 666 4513 verbis,
687 4423 749 4498 sed
784 4427 861 4522 pari
889 4421 1165 4522 vaniloquentia
1184 4439 1220 4501 et
1245 4431 1396 4501 minime
1411 4427 1486 4501 dis·

297 4687 334 4750 (ι)
352 4683 470 4734 Similem
484 4680 595 4747 reperias
608 4677 721 4729 fabulam
734 4679 802 4744 apud
816 4681 879 4742 lap&
893 4687 925 4730 de
940 4681 1015 4744 Vaga.
1028 4681 1070 4732 Ci.
1084 4682 1119 4732 El
1130 4683 1237 4732 Palacr'o
1243 4685 1356 4746 confuso.
