3416 5460
829 560 987 644 ..53-

290 716 413 796 vetula
447 722 681 796 Cistellaria
719 727 884 796 meretrix
918 736 980 797 aut
1017 722 1178 796 Plautini
1218 727 1509 823 Terentianique

290 837 441 911 lenones
457 837 706 911 avidissimam
739 865 777 912 se
797 843 889 935 gerit
909 873 915 928 ;
939 864 1063 928 aurum
1092 853 1233 912 tantum
1264 853 1418 937 spectat,
1441 867 1509 912 nec

290 981 370 1052 quae
409 979 537 1026 manus
571 979 695 1026 aurum
737 953 887 1042 adierat,
925 981 990 1027 ηερ
1029 953 1090 1050 qui
1126 954 1216 1027 liant
1262 954 1510 1052 imprudentes

199 1069 207 1082 '
289 1073 388 1144 ornni
407 1069 454 1142 ab
474 1097 514 1142 ea
538 1095 572 1141 re
601 1069 765 1141 familiari
794 1074 913 1159 exuti;
951 1069 1051 1142 nulla
1080 1070 1328 1144 misericordia
1347 1096 1507 1168 comm07

288 1200 390 1259 vetur
411 1185 632 1282 januamque
667 1184 779 1257 habet
810 1189 927 1257 oranti
961 1185 1118 1284 surdam,
1144 1185 1269 1258 ferenti
1307 1201 1506 1284 patentem.

288 1299 405 1374 Multa
435 1321 554 1373 aurem
579 1328 660 1373 cum
690 1300 758 1392 sibi
786 1301 970 1399 deposcat,
1003 1327 1117 1398 pauca
1155 1300 1299 1376 lamulis
1335 1305 1510 1399 permittit

287 1443 379 1514 quos
410 1417 573 1489 dolorum
607 1415 788 1511 adjutores
823 1415 1002 1503 adhibuit,
1041 1443 1108 1488 nec
1143 1433 1282 1489 tantum
1316 1417 1363 1490 ad
1396 1421 1509 1491 vitam

286 1546 462 1629 quantum
502 1531 548 1602 od
582 1533 770 1604 avaritiam
791 1532 1043 1604 sustinendam
1072 1545 1147 1604 toto
1168 1532 1292 1604 animo
1312 1531 1505 1606 incumbit.

287 1647 401 1721 Suam
418 1673 500 1720 vero
516 1651 590 1718 auri
613 1646 744 1718 lamern
765 1661 803 1718 ut
818 1647 961 1743 expleat
984 1647 1208 1719 machiniset
1223 1638 1509 1720 incantamentis

285 1767 397 1836 utitur
430 1767 467 1834 in
505 1761 646 1859 quibus
672 1760 849 1834 Acanthis
881 1777 916 1834 et
939 1764 1054 1859 Dipsa
1086 1761 1181 1858 apud
1217 1763 1443 1860 Propertium
1472 1773 1509 1833 et

287 1877 459 1954 Ovidium
480 1877 726 1963 versabantur,
754 1903 820 1948 nec
849 1903 922 1949 non
938 1891 973 1949 et
1005 1881 1082 1973 ipsa
1101 1875 1228 1974 eadem
1251 1880 1509 1972 superstitione

286 1993 479 2089 obligatur.
511 1993 643 2088 Megas
680 1995 779 2064 enirn
812 2007 906 2064 artes
940 2019 1066 2090 aeaque
1100 1996 1263 2065 carmina
1306 1991 1406 2066 novit
1441 2017 1509 2064 nec

285 2134 446 2207 unquam
467 2107 707 2204 periculosam
724 2133 797 2179 rem
819 2108 1026 2204 aggreditur
1060 2111 1147 2205 quin
1164 2107 1358 2182 Plutonem
1379 2121 1509 2181 evocet

284 2237 345 2298 aut
378 2227 531 2320 auguria
560 2222 711 2294 habeat.
755 2223 845 2314 Quae
874 2248 957 2296 vero
990 2227 1115 2296 omnia
1136 2211 1226 2320 quae,
1248 2222 1505 2322 antiquitatem

279 2339 445 2413 redolent
475 2343 578 2410 novis
608 2337 789 2410 coloribus
819 2363 840 2410 a
871 2338 1063 2410 Fernando
1102 2350 1226 2412 nostro
1258 2338 1500 2412 illustrantur.

284 2457 400 2528 Suum
422 2453 609 2528 Celestina
644 2453 788 2524 vivendi
821 2480 937 2548 genus
970 2453 1067 2526 haud
1102 2458 1243 2526 invenit
1273 2453 1337 2528 sed
1361 2456 1507 2552 proprio

284 2571 393 2644 modo
409 2584 549 2642 exercet
565 2551 665 2640 n'ec'a
683 2569 912 2641 Parmenone
930 2599 947 2638 <r
965 2570 1270 2642 Treta-corruentes
1290 2599 1308 2638 r>
1326 2570 1507 2640 immerito

280 2699 440 2760 vocatur.
473 2686 719 2776 Hispanorum
748 2688 859 2769 enim,
894 2697 932 2757 ut
962 2685 1084 2758 vetula
1099 2685 1162 2757 illa
1178 2710 1289 2782 quam
1310 2683 1356 2756 ab
1387 2683 1505 2757 archi-

282 2801 490 2900 presbytero
523 2801 566 2871 de
598 2799 695 2872 Hz'la
723 2799 796 2896 jam
837 2799 1024 2873 inductam
1058 2801 1225 2887 vidimuS,
1266 2790 1427 2872 moribus
1467 2813 1507 2888 ct

284 2917 415 2992 studiis
435 2931 546 2988 artem
563 2941 666 2988 suam
697 2919 747 2988 ita
782 2916 1071 2990 accommodavit
1100 2931 1137 2990 ut
1167 2943 1247 2989 eam
1280 2915 1377 2988 haud
1406 2918 1506 3012 parvi

284 3031 490 3106 laciendam
511 3030 692 3129 praedicet.
717 3031 849 3104 Nonne
869 3032 915 3103 ad
934 3032 1093 3105 molestis
1122 3031 1309 3104 doloribus
1337 3035 1498 3128 agitatos

284 3149 451 3220 himines
472 3146 649 3219 levandos
677 3159 712 3218 et
743 3146 979 3219 delectandos
1000 3173 1127 3220 ornnes
1160 3173 1288 3220 nervos
1322 3145 1508 3218 intendit?

285 3265 370 3356 Quo
400 3267 482 3361 quis
517 3287 664 3336 munere
698 3262 840 3334 utiliore
873 3278 908 3334 et
939 3263 1151 3336 humaniore
1190 3262 1377 3359 iungitur?
1411 3263 1505 3354 Quis

283 3377 472 3452 clientium
502 3381 743 3475 patrocinium
768 3377 933 3450 callidius
955 3395 990 3451 et
1018 3377 1162 3450 felicius
1186 3379 1364 3474 usurpat?
1392 3377 1442 3450 Ut·
1459 3374 1508 3447 ad

200 3501 204 3506 '
283 3499 459 3591 optimum
482 3507 658 3566 oratorem
689 3497 752 3582 rei,
776 3497 828 3565 sic
862 3493 907 3564 ad
931 3494 1154 3566 Celestinam
1185 3508 1352 3564 amantes
1385 3492 1509 3564 decur-

283 3621 378 3682 runt.
403 3607 649 3701 Quibuscum
672 3607 824 3680 fideliter
854 3635 921 3681 nec
941 3613 1021 3680 sine
1048 3634 1114 3681 suo
1134 3607 1315 3680 interdum
1345 3605 1507 3704 periculo

284 3727 469 3810 inserviat,
494 3724 581 3820 quid
610 3726 692 3820 quis
717 3727 749 3796 ei
771 3723 948 3821 objiciat?
981 3723 1198 3820 Tranquillo
1218 3747 1306 3818 ergo
1325 3737 1359 3794 et
1381 3725 1508 3818 quieta

283 3839 457 3914 ecclesias
490 3839 688 3936 ingreditur
720 3853 755 3911 et
789 3865 914 3936 preces
947 3841 1122 3924 mussitat,
1166 3865 1233 3910 nec
1271 3837 1318 3910 ab
1360 3852 1506 3911 aeternae

283 3954 411 4026 salutis
431 3979 493 4050 spe
512 3958 675 4027 animum
701 3969 857 4028 removet
886 3968 1009 4049 utpote
1049 3969 1128 4051 quae
1158 3953 1347 4028 hominum
1375 3954 1507 4048 nequi·

282 4071 370 4140 tiam
404 4071 601 4164 saepissime
635 4083 783 4165 experta
820 4074 879 4154 sit,
913 4071 993 4142 Deo
1026 4084 1146 4141 autem
1177 4073 1256 4140 sine
1295 4067 1370 4140 ulla
1399 4065 1508 4138 inter·

282 4182 457 4256 missione
472 4183 795 4280 diligentissimum
811 4185 947 4258 cultum
964 4184 1184 4258 adhibuerit.

332 4299 423 4372 Haec
439 4313 493 4372 est
512 4325 624 4373 causa
643 4325 706 4372 cur
736 4300 930 4373 Celestinae
957 4300 1044 4372 nihil
1072 4298 1211 4371 obstitit
1236 4301 1325 4396 quin
1358 4298 1510 4368 astutis-

282 4414 374 4486 sima
394 4429 429 4486 et
446 4415 683 4488 solertissima
714 4415 876 4488 lenarum
906 4415 1021 4488 lieret.
1060 4417 1230 4488 Diversas
1252 4413 1349 4486 enim
1377 4397 1506 4484 arnan·

280 4530 369 4602 tium
390 4529 593 4602 dementias
613 4530 793 4604 subtiliter
809 4529 989 4628 perspexit
1011 4542 1048 4602 ut
1071 4529 1200 4601 melius
1216 4555 1259 4600 ex
1276 4527 1347 4598 illis
1364 4527 1510 4597 diversa

284 4649 424 4718 ratione
440 4651 604 4718 tractatis
625 4647 760 4720 lucrum
778 4645 924 4718 iaceret.
950 4647 1040 4720 Eine
1060 4644 1212 4716 clientes
1228 4641 1427 4714 obveniunt
1443 4641 1509 4736 qui

284 4765 443 4860 corporis
472 4777 612 4834 tanturn
641 4762 822 4834 desiderio
843 4760 1117 4858 impelluntur?
1137 4759 1313 4854 Magnam
1347 4755 1409 4828 illa
1442 4755 1511 4827 dat
