3416 5460
313 645 436 722 Gallia
454 649 567 736 enim,
591 668 701 744 quarn
729 643 885 742 exempli
910 646 1030 742 gratia
1048 643 1316 744 usurpabimus
1340 667 1453 716 novas
1476 666 1531 714 res

311 765 428 861 parari
453 773 489 834 et
512 760 589 835 fieri
616 760 781 835 videmus
806 771 841 832 et
868 759 964 833 hanc
991 773 1140 857 gentem
1168 759 1346 858 paulatim
1371 785 1393 832 a
1416 761 1531 856 priore

312 876 438 952 habitu
457 877 636 950 recedere.
660 875 716 951 llli
737 879 835 949 enim
855 875 957 973 longi
979 879 1049 950 aevi
1074 879 1193 974 spatio
1213 875 1313 976 quod
1335 904 1353 945 <r
1371 875 1531 948 medium

311 1019 429 1068 aevum
443 1023 461 1064 »
476 1018 729 1091 nuncupamus
743 998 932 1068 renovatio
943 992 1128 1092 quaedam,
1144 1018 1278 1069 novum
1293 1005 1329 1066 et
1344 991 1530 1090 cogitandi

308 1121 345 1182 et
364 1107 508 1183 vivendi
524 1108 672 1184 modum
685 1134 808 1184 secum
823 1108 952 1198 ferens,
969 1111 1140 1207 imposuit
1154 1109 1285 1183 finem:
1302 1107 1398 1206 regis
1410 1119 1531 1182 aucto·

309 1227 398 1298 ritas
417 1224 571 1322 amplior
588 1225 628 1299 fit
638 1238 674 1300 et
684 1225 753 1299 sibi
770 1224 914 1300 nobiles
931 1224 1039 1323 justae
1055 1224 1281 1300 auctoritatis
1296 1227 1530 1321 impatientes

310 1338 509 1432 submittit;
546 1342 688 1416 medius
726 1345 862 1416 civium
901 1341 989 1415 ordo
1026 1345 1185 1416 exoritur
1213 1344 1275 1440 qui
1296 1365 1363 1412 nec
1388 1337 1529 1412 bellicis

309 1453 416 1530 rebus
435 1481 502 1530 nec
523 1456 614 1555 jocis
633 1456 765 1557 quibus
785 1456 928 1532 nobiles
943 1456 1132 1556 indulgere
1152 1456 1330 1545 solebant,
1355 1453 1419 1528 sed
1440 1479 1528 1526 mer-

310 1575 444 1646 caturis
464 1598 611 1671 operam
636 1586 672 1647 et
699 1587 842 1672 tempus
867 1573 976 1664 dant,
1008 1573 1094 1647 inde
1114 1573 1245 1646 divites
1271 1571 1357 1644 lacti
1386 1573 1529 1644 mitiore

308 1692 380 1792 vita
416 1687 580 1764 fruuntur
608 1715 676 1764 nec
707 1715 781 1762 non
802 1688 1008 1762 urbaniore.
1033 1691 1114 1788 Jam
1136 1715 1158 1762 a
1177 1687 1325 1764 rudibus
1349 1685 1421 1759 illis
1439 1696 1528 1758 tem·

308 1803 455 1902 poribus
470 1831 549 1880 sese
560 1819 726 1880 avertens
747 1829 878 1878 novam
899 1817 1047 1878 aetatem
1064 1808 1143 1878 sine
1158 1803 1271 1878 dubio
1290 1805 1397 1900 priori
1415 1804 1528 1899 potio·

308 1944 382 1991 rem
413 1919 537 1994 Gallia
574 1924 743 1998 instituit.
767 1919 875 2018 Apud
906 1921 1092 2018 Hispanos
1125 1933 1251 1994 contra
1281 1933 1317 1992 et
1354 1943 1471 1991 mores
1492 1929 1527 1990 et

308 2033 455 2109 habitus
472 2036 673 2110 et'vivendi
706 2063 824 2137 genus
851 2037 949 2136 quod
980 2036 1090 2109 medii
1114 2040 1184 2111 aevi
1213 2039 1395 2134 proprium
1413 2033 1528 2107 iuerat

308 2175 498 2249 nunquam
519 2151 764 2226 intermissum
774 2175 850 2244 est,
874 2177 1063 2250 nunquam
1088 2150 1140 2224 illi
1161 2151 1258 2226 hunc
1278 2176 1393 2226 rerum
1414 2148 1525 2224 subli»

306 2269 418 2341 mium
440 2293 600 2342 amorem
638 2293 746 2366 quem
780 2267 827 2340 ab
866 2272 1008 2365 origine
1041 2267 1204 2342 foverant
1232 2271 1386 2340 aversati
1417 2278 1522 2352 sunt;

306 2405 505 2481 nunquam,
536 2399 574 2458 ut
603 2387 654 2458 ita
677 2383 810 2472 dicam,
835 2381 970 2457 ecoelo
995 2385 1032 2458 in
1058 2395 1171 2456 terras
1199 2381 1433 2470 descendere,
1461 2379 1523 2455 ubi

307 2497 525 2572 mediocrem
540 2513 576 2574 et
592 2498 850 2572 industriosam
870 2502 982 2572 vitam
1009 2511 1172 2596 agerent,
1200 2497 1406 2588 voluerunt;
1434 2523 1521 2571 nuu-

305 2638 416 2712 quam
444 2618 606 2689 animum
628 2614 674 2687 ad
702 2631 940 2690 mercaturam
955 2626 994 2689 ut
1015 2613 1215 2716 ignobilem
1232 2640 1322 2688 sane
1336 2626 1371 2688 et
1390 2613 1524 2689 talibus

304 2727 388 2802 viris
407 2729 599 2828 indignam
612 2743 833 2804 convertere.
849 2729 914 2804 Sui
923 2729 1010 2828 juris
1021 2733 1089 2803 etsi
1102 2728 1347 2833 amplissimas
1356 2734 1523 2828 regiones

303 2858 431 2944 postea
450 2845 622 2936 fecerunt,
648 2871 836 2945 nunquam
853 2846 899 2918 ad
915 2845 1093 2919 culturam
1122 2870 1185 2917 eas
1204 2847 1523 2920 accommodavere

303 2962 356 3032 ita
375 2973 414 3033 ut
429 2973 505 3034 tum
526 2961 672 3036 demum
701 2961 747 3036 ad
775 2973 1024 3058 paupertatem
1044 2984 1190 3057 vergere
1207 2960 1374 3034 rideatur
1394 2963 1523 3060 Hispa-

303 3073 366 3148 nia
380 3102 462 3150 cum
485 3077 702 3152 ditissimam
734 3076 831 3150 orbis
864 3090 1036 3150 terrarum
1056 3089 1195 3174 partem
1214 3076 1372 3174 subegit.
1397 3078 1450 3150 Ea
1468 3088 1523 3149 est

301 3194 398 3264 enim
428 3193 621 3290 Hispania,
652 3219 696 3267 ea
720 3218 862 3290 semper
885 3197 952 3266 erit
973 3217 1083 3292 quam
1105 3190 1276 3280 diximus
1298 3191 1458 3266 conflata
1476 3217 1521 3266 ex

301 3304 444 3381 duobus
464 3308 654 3384 hominum
673 3307 889 3406 generibus:
922 3309 1073 3382 alterum
1097 3307 1274 3381 nobilium
1304 3311 1459 3381 otiosum
1486 3321 1521 3381 et

302 3446 477 3520 arrogans
492 3437 527 3497 et
542 3437 682 3498 tantum
704 3424 876 3499 sublimia
890 3429 1015 3497 animo
1035 3449 1197 3509 versans,
1214 3423 1270 3497 vel
1290 3427 1352 3520 qui
1373 3428 1520 3521 propius

301 3561 422 3636 regem
439 3539 670 3638 contingunt,
695 3540 750 3615 vel
771 3544 834 3639 qui
853 3565 970 3638 pagos
988 3555 1023 3614 et
1042 3563 1218 3638 pauperes
1239 3535 1343 3612 'aedes
1362 3545 1518 3638 pannosi
1606 3533 1609 3538 ’

301 3655 408 3728 simul
424 3669 460 3729 et
480 3655 632 3754 superbi,
659 3670 699 3730 ut
717 3656 783 3730 luit
802 3656 1082 3755 pulcherrimum
1108 3658 1367 3753 Hispaniensis
1387 3656 1519 3730 nobili·

301 3773 386 3842 tatis
398 3771 583 3870 exemplar
601 3773 684 3846 Don
701 3771 871 3873 Quz‘jote;
894 3771 1045 3845 alterum
1062 3775 1248 3869 egentium
1268 3781 1305 3844 et
1323 3772 1520 3868 precariam

301 3903 337 3956 et
360 3889 507 3984 inopem
530 3891 641 3962 vitam
664 3887 877 3986 degentium
906 3915 975 3962 nec
997 3901 1119 3962 tamen
1147 3886 1209 3960 illa
1228 3887 1410 3984 superbia,
1434 3915 1518 3987 quae

300 4003 397 4096 apud
429 4002 570 4078 nobiles
603 4003 736 4079 clarius
768 4005 921 4091 eluceat,
953 4003 1173 4078 orbatorum.
1206 4003 1370 4077 Medium
1401 4017 1521 4078 autem

301 4119 434 4190 civium
451 4118 615 4192 ordinem
630 4133 665 4192 et
682 4119 884 4194 mediocres
897 4119 978 4194 illas
987 4123 1136 4194 virtutes
1150 4145 1234 4218 quae
1247 4119 1338 4192 tales
1354 4119 1521 4194 homines

301 4231 466 4324 deceant,
483 4236 519 4309 id
531 4249 585 4308 est
596 4234 812 4310 industriam
825 4250 860 4311 et
875 4235 981 4310 rebus
997 4235 1151 4334 agendis
1162 4240 1342 4310 intentum
1355 4240 1518 4310 animum

299 4345 428 4422 frustra
447 4351 620 4448 requiras.

351 4464 457 4538 Hanc
477 4471 699 4565 prae'cipuam
714 4466 835 4564 gentis
845 4467 942 4540 illius
957 4466 1118 4540 indolem
1135 4466 1338 4540 necessaria
1356 4467 1516 4565 quadam
1556 4513 1558 4516 -

299 4578 381 4678 lege
399 4597 517 4679 poetae
537 4582 692 4679 relerupt
710 4594 747 4658 et
757 4581 985 4682 legislatores
997 4615 1007 4662 ε
1020 4595 1139 4682 poetae
1159 4594 1279 4656 autem
1300 4587 1518 4658 recentiores

298 4697 425 4771 eodem
464 4703 592 4798 spiritu
622 4697 797 4774 inflantur
832 4725 905 4798 quo
938 4703 1084 4798 prioreS,
1118 4723 1199 4771 cum
1233 4697 1328 4770 lacta
1368 4704 1516 4798 egregia

300 4811 420 4888 herois
439 4814 537 4892 illius
555 4838 664 4915 quem
679 4842 699 4885 <r
710 4815 768 4888 El
780 4814 861 4890 Cz’d
873 4845 891 4888 »
907 4817 1064 4915 Hispani
1077 4827 1303 4914 nuncupant,
1321 4815 1377 4891 vel
1393 4841 1515 4892 sacras
