3416 5460
250 1349 345 1445 Quis
367 1345 593 1423 Celestinam
624 1361 703 1422 ete
733 1347 864 1446 quibus
891 1347 1052 1422 lontibus
1077 1348 1244 1422 haustam
1273 1376 1418 1449 compo·

199 1469 310 1538 suerit
327 1490 425 1540 nunc
439 1475 493 1539 est
508 1463 768 1539 declarandum
789 1500 796 1538 ι
823 1463 921 1563 quod
936 1464 1033 1537 enim
1053 1468 1123 1538 nisi
1140 1465 1340 1540 dilucidum
1358 1467 1419 1541 ha·

200 1581 315 1672 beres,
339 1581 414 1655 alia
427 1579 494 1654 tibi
510 1579 721 1656 obscuriora
740 1581 867 1654 fierent
887 1607 971 1680 quae
990 1585 1114 1678 magni
1131 1595 1217 1655 sunt
1233 1582 1416 1680 ponderis

252 1699 292 1770 ln
321 1696 544 1772 editionibus
573 1723 658 1796 quae
689 1695 841 1773 Sevillce
859 1724 958 1771 anno
983 1696 1178 1771 millesimo
1205 1697 1419 1796 quingente-

199 1812 291 1886 simo
311 1813 474 1889 secundo
498 1828 535 1888 et
556 1814 763 1914 Zaragoaoe
782 1839 881 1886 anno
903 1811 1096 1888 millesimo
1122 1813 1419 1912 quingentesimo
1505 1860 1510 1870 ·

199 1932 355 2026 septimo
370 1929 469 2004 datae
486 1941 685 2004 ceterarum
696 1929 775 2004 lons
787 1942 823 2004 et
843 1933 945 2026 origo
961 1929 1058 2002 haud
1075 1928 1206 2027 injuste
1223 1929 1417 2020 habentur,

201 2042 391 2118 Celestz'na
425 2044 653 2142 dialogorum
688 2044 844 2143 speciem
879 2043 1018 2142 praebet
1051 2044 1112 2143 qui
1150 2071 1213 2144 per
1242 2071 1355 2119 unum
1384 2058 1419 2119 et

199 2161 331 2255 viginti
352 2173 455 2234 actus
481 2161 749 2260 producuntur;
786 2165 922 2258 primus
949 2147 1080 2234 autem*
1101 2173 1205 2234 actus
1226 2160 1337 2259 longe
1365 2175 1420 2235 est

200 2280 487 2372 copiosissimus.
502 2279 636 2352 Totum
657 2304 747 2376 opus
759 2276 912 2375 epistola
923 2276 1142 2375 praeceditur
1156 2281 1194 2350 in
1214 2304 1287 2376 qua
1300 2282 1420 2352 amico

200 2392 346 2465 cuidam
367 2419 471 2466 suum
501 2407 628 2468 auctor
650 2405 825 2469 secretum
856 2393 1051 2467 consilium
1069 2392 1243 2468 declarat.
1268 2393 1419 2468 Adoles-

200 2522 326 2582 centes
363 2513 461 2582 enim
501 2510 677 2609 hispanos
710 2536 792 2585 cum
817 2510 989 2585 adversus
1027 2510 1203 2585 malorum
1238 2514 1419 2586 ministro·

198 2648 275 2697 rurn
307 2637 343 2697 et
371 2625 548 2700 malarum
577 2626 794 2702 feminarum
821 2626 974 2701 insidias
1000 2626 1193 2700 defendere
1217 2631 1414 2718 statuisset,

197 2739 288 2812 lorte
312 2741 484 2838 scriptum
498 2748 531 2816 ei
548 2743 717 2817 volumen
729 2748 883 2817 occurrit
903 2744 1001 2842 quod
1021 2769 1137 2818 rerum
1159 2742 1418 2818 delicatissime

197 2860 485 2952 excogitatarum
503 2885 570 2932 nec
593 2887 668 2932 non
695 2873 730 2933 et
748 2860 972 2933 doctissimae
989 2858 1196 2956 disciplinae
1217 2859 1365 2956 plenum
1386 2862 1418 2932 ei

198 2970 314 3045 visum
344 2986 410 3062 est,
444 2989 481 3048 et
503 2974 550 3046 ab
577 2974 700 3048 alteris
719 2975 899 3074 Johannis
913 2977 957 3048 de
974 2976 1096 3062 Mena,
1121 2975 1169 3046 ab
1194 2973 1316 3048 alteris
1334 3001 1419 3050 vero

199 3087 352 3186 Rodrigi
372 3091 416 3161 de
435 3093 525 3163 Cota
541 3094 682 3164 nomini
699 3091 885 3164 addictum
912 3103 978 3164 est.
1002 3089 1111 3184 Quod
1133 3094 1339 3188 assumpsit,
1366 3104 1414 3181 et,

198 3218 237 3278 ut
253 3203 414 3280 animum
430 3231 452 3278 a
467 3206 643 3280 severiore
660 3205 748 3304 juris
767 3207 888 3280 studio
902 3205 1105 3297 diverteret,
1135 3205 1166 3278 ei
1186 3204 1324 3303 placuit
1342 3205 1418 3277 dia-

198 3319 304 3418 logos
333 3347 396 3418 per
420 3322 630 3420 quindecim
651 3348 786 3397 vacuos
810 3323 890 3396 dies
911 3327 1038 3396 iterum
1063 3322 1223 3420 perduci,
1246 3333 1294 3412 et,
1314 3347 1359 3394 ne
1381 3324 1419 3394 in

198 3439 447 3534 suspicionem
461 3463 583 3536 operae
611 3443 648 3512 in
673 3443 778 3514 vanis
805 3439 913 3514 rebus
942 3437 1096 3536 perditae
1116 3436 1307 3525 incideret,
1341 3441 1419 3534 ipse

196 3578 343 3652 quoque
365 3557 447 3652 quis
462 3567 558 3629 esset
581 3554 734 3629 lectores
759 3554 904 3628 celavit.
933 3553 1008 3628 Sed
1028 3554 1167 3628 Alonzo
1190 3556 1234 3625 de
1256 3555 1415 3643 Proaaa,

196 3667 369 3742 librorum
390 3669 517 3743 litteris
538 3670 829 3746 mandandorum
841 3683 1029 3760 corrector,
1046 3668 1132 3744 dum
1153 3693 1244 3766 opus
1256 3680 1418 3742 nostrum

195 3784 334 3873 laudat,
356 3812 423 3860 nos
443 3801 567 3861 monet
586 3793 744 3862 auctoris
759 3800 793 3860 et
808 3809 945 3860 nomen
955 3799 991 3860 et
1005 3785 1182 3885 originem
1197 3789 1235 3858 in
1247 3784 1418 3858 undecim

197 3929 215 3970 «
239 3901 375 4000 Coplas
396 3931 414 3972 »
437 3906 616 3976 contineri
639 3901 771 4000 quibus
797 3905 924 3976 iterum
954 3899 1107 3974 affirmat
1130 3911 1238 3998 poeta
1267 3925 1306 3974 se
1326 3898 1418 3973 nihil

199 4014 298 4090 aliud
328 4016 398 4089 nisi
425 4016 521 4114 justa
550 4017 721 4118 bonaque
745 4017 946 4116 praedicare
971 4016 1142 4091 voluisse.
1167 4017 1291 4090 Prima
1319 4019 1418 4089 enim

197 4131 370 4231 cujusque
395 4159 517 4208 versus
544 4133 663 4207 littera
688 4148 865 4208 secretum
895 4132 1056 4206 declarat
1079 4166 1087 4226 ;
1124 4132 1256 4231 quibus
1284 4132 1419 4231 junctis

197 4249 373 4344 legimus:
394 4277 413 4318 «
429 4251 467 4321 E
470 4251 487 4320 l
498 4249 674 4323 bachiller
688 4251 724 4323 F
724 4240 883 4323 ornando
898 4251 942 4322 de
959 4247 1075 4348 Rojas
1093 4249 1195 4323 acabo
1211 4249 1248 4322 la
1261 4248 1420 4323 comedia

197 4365 238 4436 de
258 4368 292 4438 C
290 4361 447 4464 alistoy
464 4366 631 4464 Melybea
649 4392 669 4439 e
681 4370 749 4463 fud
763 4364 912 4438 nascz'do
934 4390 977 4438 en
1003 4365 1039 4437 la
1055 4365 1186 4463 puebla
1199 4367 1243 4438 de
1260 4365 1419 4439 Montal-

197 4504 277 4552 van.
301 4479 568 4576 (Bachellarius
594 4483 790 4555 Fernando
818 4483 861 4554 de
885 4479 1001 4577 Rojas
1025 4480 1245 4555 comoediam
1271 4479 1420 4555 calisto

190 4595 392 4694 yMelidea
411 4596 568 4671 coniecit
587 4609 623 4671 et
643 4602 680 4671 in
696 4624 793 4696 pago
807 4595 1109 4672 Montalvanensi
1132 4598 1341 4693 natusest).
