3424 5464
827 441 988 507 -4.,-

299 584 434 662 deinde
454 588 491 660 in
512 587 693 663 occultam
716 588 863 662 domum
884 591 1046 687 sequitur
1060 591 1098 660 in
1118 613 1191 686 qua
1215 615 1260 661 ne
1283 586 1522 661 clandestinis

299 703 447 804 quidem
483 709 618 803 nuptiis
639 703 767 780 laesam
793 705 1009 804 pudicitiam
1036 727 1201 802 reparare
1228 716 1359 801 potest.
1387 705 1522 775 Nonne

299 823 329 896 si
345 821 505 895 lenoniis
532 821 590 894 his
616 822 754 896 artibus
775 826 1010 920 antiquorum
1031 846 1212 895 servorum
1240 836 1275 894 et
1296 823 1521 892 meretricum

300 937 405 1013 dolos
434 951 470 1011 et
500 936 674 1012 libidines
703 938 890 1036 adjeceris,
921 937 987 1010 tibi
1011 937 1097 1034 jam,
1132 942 1169 1010 in
1198 937 1401 1010 universum
1423 938 1540 1016 aesti-¹

300 1057 430 1142 manti,
452 1054 636 1153 pleraque,
660 1067 700 1128 ut
717 1059 768 1128 ita
784 1055 917 1142 diram,
938 1057 972 1128 C
971 1052 1136 1126 elestiaa
1155 1053 1378 1126 lineamenta
1400 1049 1522 1124 videre

299 1168 514 1243 videberis?
536 1174 586 1266 (ι)

350 1287 446 1380 Quae
483 1289 607 1359 omnia
640 1287 901 1384 denique-quo
930 1286 1036 1358 modo
1070 1285 1341 1382 hispaniensem
1362 1286 1523 1380 speciem

300 1396 449 1474 induere
464 1406 607 1498 possint
623 1401 730 1476 iacile
745 1415 799 1474 est
815 1402 910 1500 apud
928 1405 1156 1474 notissimum
1173 1399 1524 1497 archipresbyterum

299 1517 343 1610 da
362 1515 459 1590 Hira
478 1516 712 1615 dignoscere.
741 1520 875 1592 Eadem
896 1523 1058 1592 enim‘ac
1084 1521 1119 1589 in
1137 1518 1320 1590 comoedia
1335 1519 1377 1588 de
1397 1515 1526 1587 Vetula

300 1629 424 1705 tabula
438 1646 493 1707 est
513 1637 550 1706 in
567 1633 660 1708 illa«
675 1635 852 1709 Historia
870 1662 1034 1708 amorosa
1053 1636 1096 1712 de
1118 1636 1163 1707 l).
1188 1635 1308 1706 Melan
1317 1659 1347 1732 y
1361 1634 1404 1705 a’e
1416 1633 1526 1704 Dana

300 1748 477 1822 Endrina
494 1752 646 1852 (Coplas
662 1753 833 1847 554-865)
851 1751 954 1850 quae,
973 1751 1095 1840 fateor,
1116 1751 1211 1822 hanc
1233 1753 1419 1821 materiam
1447 1772 1523 1818 non

300 1878 376 1937 tam
397 1865 659 1942 comoediarum
684 1893 791 1966 quam
823 1872 1069 1941 narrationum
1104 1865 1245 1964 proprio
1266 1865 1375 1938 mido
1403 1863 1521 1936 relert·

302 1981 387 2055 Non
405 2006 502 2054 'sane
531 1986 610 2055 sine
634 1982 763 2083 frigore
790 2000 927 2074 ἀλληγορία
951 1987 1127 2080 excipitur
1150 2009 1223 2078 qua
1250 1979 1463 2078 Pamphilus
1483 1979 1525 2050 fit

303 2097 383 2171 Dan
402 2097 525 2172 Melon
544 2100 588 2170 de
615 2099 650 2170 la
678 2102 820 2172 Haerta
847 2112 882 2171 et
914 2099 1067 2172 Galatea
1086 2101 1193 2171 Dona
1225 2095 1413 2170 Eadrina.
1438 2096 1525 2186 Qua

302 2237 386 2286 vero
402 2215 552 2286 veritate
572 2225 607 2286 et
623 2213 823 2288 subtilitate
845 2216 1090 2311 Hispanorum
1112 2239 1228 2286 mores
1253 2212 1524 2308 exprimuntur!

305 2327 451 2421 Quibus
487 2333 686 2425 praesertim
712 2329 842 2402 vividis
857 2343 892 2402 et
916 2329 1046 2427 lepidis
1075 2328 1256 2402 coloribus
1277 2327 1361 2400 lena
1381 2325 1444 2397 illa
1466 2325 1527 2396 de-

304 2447 468 2542 pingitur
492 2448 549 2518 cui
571 2444 669 2518 haud
692 2449 872 2518 immerito
906 2447 937 2518 T
933 2453 1211 2518 rota-taavealas
1238 2469 1372 2516 nomen
1388 2459 1439 2515 est
1470 2455 1526 2514 ut-

304 2572 388 2658 pote
410 2587 494 2659 quae
516 2586 590 2634 non
623 2587 735 2635 unum
764 2566 1023 2634 monasterium
1058 2566 1214 2634 introeat
1251 2573 1289 2634 ut
1310 2555 1525 2631 ⁸amantium

305 2674 480 2749 mandata
506 2694 735 2774 exsequatur.
766 2679 926 2774 Magnas
958 2705 1001 2750 ea
1041 2677 1224 2750 mercedes
1257 2681 1420 2774 accipere
1448 2701 1525 2746 non

304 2791 449 2866 dubitat
464 2796 552 2890 quia
577 2809 613 2867 et
632 2793 754 2867 utilem
777 2820 844 2866 nec
860 2793 1065 2890 pudendam
1087 2808 1201 2867 artem
1222 2817 1386 2866 exercere
1406 2804 1521 2888 putat.

230 2907 234 2916 '
302 2907 503 3007 Juvenibus
528 2935 651 2982 nonne
678 2913 863 3007 egregiam
895 2909 959 2982 dat
991 2935 1138 3006 operam
1172 2935 1324 3008 quorum
1358 2907 1524 3004 cupidini

304 3022 499 3121 euplendae
519 3036 598 3100 toto
617 3024 740 3097 animo
762 3025 965 3098 incumbit?
997 3025 1182 3098 Laudibus
1203 3026 1249 3099 ab
1269 3051 1312 3098 ea
1334 3026 1382 3097 D.
1401 3023 1525 3096 Melan

304 3138 448 3213 effertur
473 3140 608 3237 quibus
626 3155 751 3237 postea
782 3141 927 3215 Calisto
959 3167 980 3213 a
1008 3141 1194 3214 Celesrina
1230 3139 1427 3224 ornabitur,
1457 3123 1553 3210 nec*

305 3254 411 3328 aliter
425 3281 535 3354 quam
556 3255 717 3329 Melibea
744 3256 789 3327 ad
818 3256 1101 3329 misericordiam
1122 3260 1287 3353 primurn,
1307 3245 1443 3326 ¹deinde
1478 3253 1527 3324 ad

304 3395 464 3444 amorem
497 3373 532 3443 α’.
565 3370 742 3444 Endrina
776 3372 977 3444 adducitur.
1012 3373 1160 3467 Optime
1194 3377 1304 3467 igitur
1337 3371 1381 3442 de
1412 3369 1526 3468 Rajas

305 3502 429 3560 nostro
457 3487 786 3585 archipresbyteros
806 3491 849 3560 da
873 3487 970 3561 Hila
1004 3490 1131 3560 meruit
1148 3493 1208 3585 qui
1225 3491 1360 3584 primus
1395 3511 1527 3557 novam

305 3615 340 3676 et
361 3606 479 3700 magis
514 3604 760 3700 Hispanorum
791 3603 939 3702 ingenio
960 3604 1274 3676 accommodatam
1310 3602 1405 3675 lenae
1439 3605 1527 3672 ima-

304 3721 429 3816 ginem
443 3717 657 3792 adumbrare
672 3722 801 3816 potuit.
821 3717 932 3815 Cujus
946 3733 1102 3792 ceterum
1120 3719 1211 3792 liber
1224 3748 1242 3787 «
1255 3721 1297 3791 de
1311 3722 1345 3792 C
1344 3735 1492 3791 aatares
1506 3747 1525 3786 »

306 3838 357 3908 ita
376 3833 608 3931 antiquorum
638 3834 823 3910 doctrinas
837 3847 874 3907 et
894 3833 1170 3908 christianorum
1189 3859 1306 3908 mores
1319 3833 1452 3932 jungit,
1475 3837 1528 3906 ita

336 4109 373 4172 (1)
391 4107 528 4157 Comoedia
547 4123 562 4158 ‹
582 4109 737 4170 Pamphilus
748 4110 779 4156 de
792 4109 880 4156 Amore
892 4125 905 4157 v
918 4125 932 4156 e
944 4108 1023 4158 latina
1036 4109 1061 4160 in
1079 4109 1201 4175 gallicam
1215 4110 1329 4176 linguam
1345 4108 1412 4158 eirca
1432 4124 1533 4158 annum

306 4187 462 4238 MCCXXV
485 4205 502 4238 a
524 4187 593 4250 Jean
612 4191 750 4251 Brasdefar
767 4189 889 4237 translata
910 4196 948 4237 est
966 4197 991 4237 et
1010 4206 1024 4238 r<
1041 4192 1174 4252 Pamphile
1192 4195 1217 4238 at
1237 4192 1343 4239 Galatea
1363 4207 1377 4238 v
1398 4188 1530 4252 inscripta·

305 4265 428 4317 Nonnihil
446 4285 478 4317 ex
498 4285 531 4317 ea
551 4269 645 4318 fructus
664 4269 764 4333 cepisse
786 4267 852 4329 Jean
870 4271 901 4316 da
917 4271 1016 4330 Meurig
1036 4269 1141 4318 viderur.
1161 4269 1226 4318 Cum
1242 4278 1327 4318 autem
1342 4267 1430 4334 gallici
1446 4277 1532 4332 poetae

304 4363 319 4398 α
333 4347 429 4397 Vetula
444 4346 563 4397 »talibus
578 4348 712 4414 figuratam
727 4363 865 4412 personam
886 4350 1048 4397 Bel-Accuail
1060 4349 1155 4397 dictam
1171 4349 1253 4397 verbis
1273 4357 1439 4413 prosequatur
1451 4347 1552 4411 quali-¹

306 4428 352 4476 bus
362 4427 494 4477 Celestina
508 4430 708 4490 Parmenonem,
722 4445 769 4476 nec
786 4445 835 4476 non
852 4439 876 4476 et
898 4429 1020 4479 simulata
1032 4429 1155 4494 religione
1178 4438 1202 4477 et
1219 4429 1354 4493 impudicis
1369 4429 1533 4480 sermonibus

306 4509 427 4569 emineat,
445 4525 554 4574 magnas
567 4525 582 4558 a
597 4508 733 4560 Fernando
744 4511 864 4571 cle-Rojas
875 4509 969 4574 gratias
984 4520 1098 4574 repetere
1112 4519 1199 4574 posset
1212 4508 1259 4556 nisi
1279 4518 1304 4558 et
1322 4509 1377 4574 ipsa
1392 4508 1534 4560 anteriores

306 4587 392 4638 latinae
413 4589 550 4641 comoediae
584 4589 709 4642 debuisset
745 4605 821 4659 quam
857 4589 941 4642 solam
968 4591 1104 4643 verisimile
1143 4597 1181 4644 est
1214 4588 1350 4659 hispanum
1376 4583 1555 4655 scriptorem

307 4667 409 4739 legisse.
