3416 5460
850 547 1007 614 ,54-

307 719 480 795 perquam
501 694 639 771 similes
658 694 852 770 videantur
865 737 913 751 -
932 707 967 768 et
982 697 1139 766 amicam
1161 690 1299 765 blanda
1319 718 1408 765 voce
1434 690 1529 765 salu-

307 824 384 885 tare
412 825 449 886 et
477 811 595 886 verbis
621 812 816 910 magnifice
835 809 1053 884 sonantibus
1077 833 1236 884 amorem
1252 834 1356 883 suum
1372 806 1527 906 profiteri
1641 899 1644 906 .

308 926 502 1017 solebunt;
542 953 651 1025 supra
684 927 934 1001 conditionem
975 929 1127 1022 ingenio
1165 951 1230 998 suo
1254 923 1378 998 subtili
1404 935 1440 998 et
1468 925 1527 997 cui

308 1043 400 1116 nihil
428 1043 529 1117 nefas
558 1047 605 1118 sit
624 1069 703 1118 sese
730 1043 906 1117 exto!lent
930 1041 1105 1139 paulatim
1140 1038 1258 1113 donec
1284 1038 1339 1114 vel
1373 1037 1527 1112 fortunis

307 1159 363 1234 vel
383 1164 464 1234 vitae
479 1159 704 1233 ornamentis
724 1164 817 1234 inter
835 1159 1007 1257 primores
1027 1157 1198 1230 evadant.

359 1277 448 1350 Haec
467 1279 634 1365 mutatio,
665 1276 780 1374 digna
806 1301 916 1375 quam
942 1280 1158 1363 intueamur,
1189 1273 1307 1371 plures
1338 1271 1458 1360 habet,
1487 1283 1527 1344 ut

309 1394 361 1464 ita
380 1391 513 1481 dicam,
535 1393 670 1490 gradus
686 1419 777 1492 quos
798 1391 916 1489 lepide
938 1389 1127 1465 Celestr'no
1150 1393 1230 1488 ipsa
1245 1387 1427 1462 describit.
1452 1389 1527 1482 Qui

309 1509 375 1580 iter
394 1511 582 1606 incipiunt,
603 1507 752 1606 juvenili
769 1507 929 1606 quodam
949 1530 1065 1579 errore
1081 1505 1223 1602 decepti
1241 1508 1308 1600 (ita
1324 1508 1422 1577 enim
1442 1515 1530 1576 sunt

309 1621 418 1697 Sosia
447 1637 483 1696 et
513 1623 747 1722 Trr‘stanz'co),
782 1622 972 1697 confidunt
997 1622 1092 1710 her0,
1122 1634 1157 1694 et
1182 1620 1237 1693 vel
1266 1621 1440 1692 honorem
1472 1618 1528 1692 vel

307 1741 419 1812 vitam
434 1737 510 1836 ejus
530 1742 625 1812 curis
645 1739 938 1837 diligentissimis
962 1755 1240 1836 prosequuntur,
1257 1763 1326 1812 nec
1342 1734 1524 1824 dubitant,

307 1853 399 1928 adeo
414 1859 446 1927 ei
468 1854 580 1938 libere
599 1869 634 1930 et
649 1855 864 1954 simpliciter
878 1859 1093 1940 inserviunt,
1116 1854 1144 1927 si
1167 1859 1204 1926 in
1228 1851 1388 1952 periculo
1412 1877 1525 1926 verse·

308 1982 366 2044 tur
382 1969 453 2060 ille,
473 1974 511 2045 in
531 1976 744 2046 societatem
764 1970 914 2070 periculi
932 1975 1070 2058 venire,
1091 1973 1158 2043 etsi
1180 1995 1328 2066 necesse
1349 1967 1425 2042 fieri
1446 1993 1526 2064 pos-

309 2089 356 2158 sit
383 2085 493 2160 vitam
532 2088 682 2162 domino
707 2088 929 2186 impendere.
973 2086 1049 2160 Sed
1081 2101 1119 2160 ut
1153 2097 1257 2158 aetate
1292 2088 1465 2157 maturior
1484 2083 1527 2155 lit

307 2200 463 2276 famulus
483 2205 534 2276 ita
554 2209 675 2279 minus
694 2204 834 2277 domini
860 2204 1044 2278 studiosus
1063 2215 1102 2276 ut
1122 2195 1285 2301 quieum
1306 2198 1526 2277 intellexerit

307 2321 564 2416 suimetipsius
581 2320 794 2419 diligentem
811 2334 952 2395 tantum
978 2345 1070 2404 esse,
1095 2345 1161 2390 nec
1181 2317 1325 2390 fidelem
1348 2313 1526 2388 famulum

307 2437 350 2506 ut
385 2432 529 2508 deceret
561 2461 715 2527 curare;
752 2463 906 2534 cumque
946 2434 1076 2532 saepius
1108 2434 1153 2506 de
1183 2432 1333 2505 domino
1371 2429 1528 2536 lamulus

307 2553 444 2647 optime
460 2556 628 2626 meruerit
649 2579 716 2626 nec
735 2558 922 2650 praemium
942 2576 1005 2649 pro
1025 2563 1081 2643 tot
1094 2564 1129 2622 et
1142 2553 1255 2622 tantis
1275 2551 1412 2621 meritis
1431 2557 1524 2620 retu·
1570 2614 1574 2630 ,

308 2665 388 2738 lerit
407 2671 495 2740 satis
516 2669 691 2766 amplum,
716 2668 763 2742 ad
788 2668 879 2740 alias
902 2671 1148 2764 cog'tationes
1168 2667 1345 2738 convertit
1361 2667 1526 2736 animum

308 2806 375 2854 nec
396 2783 503 2856 audet
520 2782 641 2857 adhuc
671 2811 751 2883 quae
779 2809 902 2856 secum
927 2785 1140 2880 cogitaverit
1179 2793 1306 2854 contra
1336 2779 1524 2852 dominum

306 2893 411 2970 iactis
441 2902 604 2996 exsequi.
645 2900 730 2972 Non
763 2911 887 2970 tamen
914 2897 985 2994 jam
1021 2895 1227 2970 Trr'stonz‘co
1252 2908 1328 2986 est;
1360 2894 1400 2967 fit
1425 2899 1525 2966 enim

306 3013 500 3086 Parmeno.
524 3014 564 3087 Si
583 3013 667 3087 lena
688 3013 856 3112 quaedam
874 3012 1014 3110 aliquid
1031 3013 1242 3084 insidiarum
1263 3023 1385 3083 contra
1409 3009 1524 3082 domi·

307 3153 394 3200 num
414 3127 593 3227 moliatur
610 3142 646 3202 et
674 3128 850 3202 famulum
873 3128 1032 3200 hortetur
1057 3141 1096 3199 ut
1122 3153 1246 3200 earum
1272 3126 1525 3198 machinarum

306 3247 486 3340 particeps
505 3243 580 3333 fiat,
612 3245 810 3317 dummodo
837 3244 986 3342 adjiciat
1006 3247 1183 3340 promissa
1209 3242 1341 3340 quibus
1362 3245 1525 3314 animum

306 3358 432 3434 famuli
453 3359 625 3450 deleniat,
647 3386 721 3433 non
742 3359 877 3433 diutius
898 3359 959 3432 ille
979 3359 1239 3445 adversabitur,
1262 3373 1310 3448 et,
1334 3361 1471 3431 omissa
1491 3361 1523 3428 si

306 3499 379 3572 qua
398 3468 644 3571 permanserat
658 3474 779 3547 adhuc
799 3475 836 3547 in
851 3474 1071 3561 animofide,
1094 3475 1141 3546 ad
1162 3474 1388 3572 prodendum
1399 3473 1527 3545 herum

305 3615 421 3680 suum,
456 3592 674 3664 adhortante
697 3592 753 3664 vel
781 3604 939 3688 quaestus
963 3591 1018 3664 vel
1047 3591 1228 3688 cupidinis
1248 3617 1322 3689 spe,
1348 3591 1524 3662 decurret.

305 3706 383 3780 Nec
403 3711 513 3798 satis5
536 3733 640 3780 snam
660 3707 847 3805 pristinam
872 3707 981 3780 fidem
999 3721 1037 3780 ut
1062 3707 1239 3780 insulsam
1259 3721 1295 3779 et
1313 3706 1419 3779 valde
1439 3731 1526 3777 con-

304 3823 539 3896 temnendam
557 3822 720 3896 irridebit
744 3836 779 3894 et
804 3849 842 3895 se
867 3823 1084 3920 proditorem
1105 3823 1245 3895 domini
1266 3821 1527 3918 arrogantibus

303 3963 391 4010 sane
404 3937 521 4010 verbis
540 3938 777 4035 profitebitur.
794 3940 888 4010 Ante
904 3937 1029 4011 oculos
1048 3952 1124 4011 tum
1138 3939 1393 4036 Sempronium
1407 3935 1519 4008 habe-

304 4077 395 4126 mus,
436 4052 545 4146 Quod
575 4067 699 4141 restat,
737 4079 883 4150 operam
913 4053 1014 4126 dabit
1047 4067 1085 4126 ut
1119 4057 1283 4126 minister
1306 4057 1352 4125 sit
1383 4050 1524 4124 domini

303 4168 530 4266 voluptatum
558 4181 595 4242 et
633 4169 686 4241 illi
720 4174 758 4241 in
793 4169 966 4241 libidines
1006 4195 1044 4241 se
1076 4167 1260 4242 invehenti
1281 4167 1522 4239 lenocinetur.

304 4283 495 4383 Quidquid
511 4289 609 4357 enim
630 4284 758 4357 delirat
772 4287 941 4358 dominus
964 4284 1062 4357 lucro
1082 4283 1238 4358 lamulus
1257 4287 1420 4380 apponit.
1445 4283 1526 4356 Nec

301 4413 426 4472 tamen
446 4425 467 4472 a
486 4403 671 4498 proposito
692 4401 902 4472 abhorrebit
917 4405 945 4472 si
970 4399 1131 4496 quando,
1156 4391 1294 4472 mutata
1311 4403 1348 4469 in
1364 4400 1526 4495 speciem

301 4516 436 4614 agendi
456 4520 609 4606 ratione,
632 4530 671 4590 ut
691 4544 768 4590 sese
789 4521 977 4590 contineat
1002 4541 1120 4612 neque
1140 4529 1256 4588 totum
1277 4541 1315 4587 se
1338 4516 1526 4587 amatoriae

187 4696 190 4702 ,
301 4633 477 4730 voluptati
503 4631 613 4706 dedat
633 4633 757 4704 herum
779 4633 1018 4722 adhortatur;
1060 4635 1191 4728 pariter
1205 4635 1303 4703 enim
1337 4629 1464 4702 cautus
1487 4643 1525 4702 et

300 4746 371 4821 sibi
396 4749 513 4838 solum
542 4749 749 4843 consulens,
773 4775 837 4826 seu
864 4761 1084 4840 assentatur,
1113 4773 1178 4821 seu
1205 4733 1382 4844 increpat,
1404 4745 1522 4818 domi-
