3388 5458
834 453 1015 520 ..104-

301 627 404 680 veras
431 614 468 678 et
499 605 685 702 genuinas
718 629 774 677 res
804 606 954 677 miscere
988 612 1111 702 posset
1130 613 1165 676 et
1198 603 1244 678 ad
1264 605 1421 703 ecgloga
1447 630 1529 704 gra·

301 719 437 794 viorem
466 720 685 794 formamt
649 731 685 794 et
723 719 832 793 etiam
862 719 908 794 ad
922 723 1173 824 antiquorum
1206 725 1528 818 grammaticorum

301 847 486 936 praecepta
530 835 769 910 dramaticam
808 811 1086 910 accommodare
1121 840 1309 910 materiam
1348 863 1459 974 quarn
1488 841 1529 910 in

304 981 322 1023 «
341 950 530 1026 Celestzna
548 982 566 1022 »
583 951 794 1026 trementem
815 957 1009 1026 sensimus.

351 1067 630 1158 MinusleliceS,
662 1066 787 1158 fateor,
812 1071 850 1140 in
872 1067 1050 1142 imitando
1078 1066 1221 1142 luerunt
1254 1073 1316 1168 qui
1355 1069 1392 1142 in
1426 1083 1528 1144 sexto

302 1183 447 1258 decimo
471 1181 608 1258 saeculo
641 1183 861 1258 Bartolomei
882 1187 1038 1282 vestigia
1057 1187 1170 1258 secuti
1195 1196 1293 1258 sunt.
1316 1185 1400 1258 Non
1430 1185 1527 1260 enim

303 1300 391 1400 quid
420 1303 458 1372 in
486 1298 563 1398 ejus
591 1299 782 1374 comoediis
798 1299 1027 1374 verisimilius
1042 1312 1137 1374 esset
1153 1312 1187 1372 et
1204 1303 1380 1374 severiore
1400 1301 1528 1375 ordine

304 1415 521 1515 dispositum
550 1417 605 1488 sui
637 1414 724 1513 juris
758 1415 876 1489 lacere
914 1420 1036 1490 conati
1074 1427 1158 1490 sunt
1191 1415 1254 1490 sed
1289 1415 1376 1514 quid
1411 1421 1529 1516 magis

305 1543 432 1606 contra
457 1530 567 1604 fidem
605 1541 669 1605 aut
695 1531 869 1628 pudorem
900 1543 1098 1630 appareret.
1132 1530 1381 1624 Quamobrem
1396 1531 1531 1633 Jaz'me

305 1649 349 1721 de
371 1649 492 1722 Huete
523 1649 561 1719 in
584 1645 758 1720 Tesorz'na
791 1673 857 1720 sua
891 1647 1161 1722 Bartolomeum
1192 1651 1336 1748 magnis
1370 1647 1531 1720 cumulat

306 1761 476 1837 laudibus
509 1764 579 1835 nisi
607 1761 705 1861 quod
725 1762 802 1861 ejus
828 1761 916 1836 vitia
943 1765 993 1834 ita
1014 1766 1149 1836 amavit
1177 1775 1216 1836 ut
1252 1762 1344 1835 nihil
1377 1761 1531 1860 improbi

305 1877 461 1952 scribere
484 1865 752 1953 recusaveritl'
777 1877 1000 1975 lmprobiora
1036 1892 1160 1962 tamen
1180 1881 1323 1975 scripsit
1345 1882 1377 1954 C
1378 1878 1536 1952 rz'stobal

305 1993 349 2067 de
367 1992 567 2094 Castz'llejo
581 1997 643 2092 qui
656 1998 695 2066 in
716 2023 735 2063 «
753 1993 886 2067 Satura
900 2023 918 2063 r>
932 1995 975 2066 de
996 1995 1032 2066 la
1053 1996 1263 2068 Constanaa
1280 1993 1326 2068 ad
1339 2019 1527 2068 'summam

306 2111 495 2184 licentiam
515 2111 705 2208 pervenit?
726 2109 825 2204 Quid
850 2109 1057 2208 probrosius
1074 2112 1210 2181 maritis
1231 2108 1384 2208 illisqui
1405 2135 1532 2183 uxores

307 2223 515 2299 maledictis
543 2236 578 2298 et
598 2225 829 2300 contumeliis
850 2215 984 2299 verrant
1008 2238 1043 2299 et
1068 2225 1161 2298 inter
1179 2250 1217 2296 se
1246 2224 1404 2324 denique
1437 2252 1533 2300 com-

308 2343 480 2415 mutant?
512 2341 614 2414 Nihil
639 2367 804 2416 sermone
834 2345 952 2442 magis
974 2341 1185 2439 pudendum
1205 2367 1283 2414 esse
1300 2341 1530 2439 praedicarem

308 2460 347 2531 in
379 2482 452 2555 quo
479 2455 524 2530 de
549 2460 770 2532 matrimonii
807 2456 883 2555 jure
909 2471 944 2530 et
976 2457 1095 2530 officio
1119 2457 1313 2549 disseritur,
1351 2461 1381 2529 si
1417 2458 1531 2532 «reli-

307 2577 402 2671 giosi
425 2602 444 2644 r>
464 2572 753 2670 objurgationem
775 2600 797 2647 a
816 2572 1023 2672 presbytero
1043 2572 1328 2670 exspostulatam
1344 2577 1443 2670 prius
1462 2601 1532 2648 non

301 2690 491 2789 legissem.
511 2688 612 2762 Nihil
627 2688 724 2762 enim
741 2693 859 2788 magis
879 2689 1056 2786 impurum
1073 2702 1108 2762 et
1125 2701 1330 2786 corruptum
1348 2689 1533 2762 Celestina

230 2828 231 2831 ’
260 2888 262 2893 ,
309 2803 398 2879 dixit
427 2817 466 2878 ut
498 2803 665 2878 homines
691 2807 728 2876 in
761 2829 929 2878 venerem
950 2804 1076 2878 ruendi
1099 2808 1355 2877 necessitatem
1376 2803 1530 2878 doceret.

311 2921 407 2995 Sunt
421 2933 545 2994 tamen
579 2919 724 2993 mimico
749 2919 812 2992 illo
826 2925 863 2992 in
889 2920 971 3018 joco
991 2947 1075 3018 quae
1099 2932 1133 2991 et
1155 2905 1307 2992 ridicula
1331 2936 1366 2992 et
1395 2920 1532 3018 politis·

209 3061 223 3114 ·,
310 3039 404 3116 sima
423 3035 548 3110 haberi
574 3039 715 3134 possint
741 3048 776 3108 et
795 3034 905 3108 etiam
937 3035 984 3107 ad
1011 3034 1165 3108 Molieri¹
1184 3039 1296 3108 nostri
1328 3048 1532 3109 «saturas»

310 3155 571 3249 cogitationem
597 3149 780 3224 interdum
800 3150 928 3224 referre
946 3151 1009 3247 (ι).
1329 3229 1333 3238 ,

357 3267 466 3342 Talia
484 3281 520 3341 et
539 3267 726 3342 laudanda
740 3281 776 3340 et
797 3271 997 3364 'praesertim
1021 3267 1261 3366 vituperanda
1281 3271 1319 3339 in
1341 3267 1527 3340 comoediis

310 3397 486 3484 apparent
515 3411 594 3482 quae
614 3395 703 3470 turn,
726 3396 765 3457 ut
787 3382 992 3480 «Hipolz'ta
1006 3413 1023 3452 »
1054 3397 1090 3454 et
1129 3412 1147 3451 «
1161 3383 1335 3482 Serafina
1354 3413 1383 3472 »,
1410 3383 1458 3454 ab
1479 3387 1531 3454 in-

310 3500 416 3574 certis
432 3498 639 3574 auctoribus
658 3499 801 3596 scriptae
814 3513 897 3572 sunt
919 3501 987 3594 (2),
1005 3497 1262 3596 Fernandique
1278 3501 1321 3570 de
1337 3497 1453 3598 Rojas
1473 3511 1532 3570 aut

312 3615 532 3690 Bartolomei
552 3615 650 3704 vitia,
687 3615 798 3688 idest
826 3615 976 3686 nimiam
1011 3614 1250 3688 eruditionem
1279 3627 1315 3714 et
1349 3613 1530 3687 licentiam

310 3735 493 3832 praecipue
523 3734 721 3804 imitantur.
745 3730 890 3805 Nullius
909 3743 1030 3804 autem
1055 3731 1224 3826 ponderis
1240 3744 1323 3802 sunt
1353 3733 1415 3826 qui
1437 3733 1530 3800 anti-

311 3873 462 3948 quorum
483 3845 684 3921 comoedias
704 3859 767 3920 aut
781 3845 981 3943 tragoedias
1012 3849 1049 3918 in
1075 3846 1347 3942 hispaniensem
1369 3844 1531 3940 linguam

309 3961 541 4036 transferunt.
583 3961 692 4034 Docti
718 3963 858 4034 'saltem
892 3965 1004 4034 nostri
1024 3961 1184 4058 ejusdem
1220 3964 1337 4034 aetatis
1369 3961 1527 4060 Jodelle,

309 4079 400 4154 Bell
396 4103 475 4168 eau,
510 4077 650 4153 Grbuzn
666 4089 701 4150 et
723 4077 887 4153 Garozer
906 4077 1091 4173 publicum
1108 4081 1327 4150 constituere
1351 4077 1449 4148 theat
1437 4088 1528 4146 trum

311 4191 583 4292 cupiebant‚t,e
559 4192 693 4266 tlicet
680 4192 985 4290 drsc1pulorum
1006 4193 1179 4265 solume
1166 4193 1529 4289 tgrammaticorum

310 4309 459 4410 plausus
496 4311 711 4398 excittaren,
684 4308 967 4381 dramaticum
1005 4319 1173 4404 genust
1160 4307 1356 4404 tuebantur
1384 4305 1478 4402 quod
1509 4331 1531 4376 a

342 4551 378 4616 (r)
395 4548 431 4610 Si,
447 4548 560 4613 exempli
572 4549 662 4614 gratia,
679 4549 790 4598 Antonis
803 4556 828 4597 et
840 4548 946 4596 Marinae
963 4547 1045 4611 primo
1056 4547 1081 4594 in
1098 4547 1162 4595 Actu
1177 4546 1283 4612 jurgium
1295 4545 1397 4612 legeris,
1407 4544 1531 4595 comoedia

311 4629 393 4681 subito
405 4628 449 4679 tibi
463 4628 489 4680 in
503 4635 617 4676 mentem
632 4629 715 4678 veniet
733 4646 790 4694 quae
807 4631 863 4678 «Le
878 4629 993 4677 Medecin
1011 4629 1111 4691 malgre'
1128 4628 1194 4677 lui»
1208 4625 1357 4676 inscribitur.

343 4714 380 4776 (2)
392 4708 527 4776 valencia,
546 4707 675 4761 MDXXl.
