3416 5460
867 513 1025 558 -10-

387 659 465 734 Nec
491 662 580 732 satis
613 693 619 730 :
648 659 704 732 his
733 663 831 731 enirn
865 657 1090 756 temporibus
1121 671 1156 732 et
1190 659 1286 757 apud
1315 659 1396 732 illas
1429 673 1558 756 gentes

337 780 484 872 viguere
518 775 688 873 quaedam
728 775 830 848 dotes
863 802 947 873 quae
980 774 1162 872 praecipue
1192 776 1275 848 illos
1304 801 1456 874 quorum
1484 780 1558 849 vita

339 895 376 964 in
394 891 534 994 bellicis
548 888 675 962 officiis
686 905 846 989 versatur
861 890 1031 963 decorare
1042 891 1220 980 videntur,
1236 891 1376 964 scilicet
1387 891 1558 989 quaedam

341 1007 488 1080 modum
507 1005 687 1080 excedens
713 1005 895 1092 fortitudo,
931 1006 1136 1080 obstinatus
1164 1020 1200 1080 et
1224 1001 1364 1082 defixus
1390 1007 1437 1080 ad
1452 1007 1557 1081 ulcis-

338 1124 474 1198 cendas
494 1123 642 1220 injurias
663 1127 818 1211 animus
838 1149 905 1196 nec
922 1149 1084 1220 unquam
1101 1124 1278 1221 abjurata,
1298 1128 1327 1197 si
1349 1125 1458 1198 modo
1470 1124 1557 1196 data

336 1238 509 1328 sit,fides,
534 1238 691 1335 denique
716 1238 861 1312 habitus
887 1239 1038 1342 quidam
1064 1240 1268 1336 superbiam
1295 1239 1451 1338 spirans,
1473 1265 1551 1328 nec,

335 1355 464 1429 decore
483 1357 617 1427 amisso
637 1368 700 1428 aut
721 1354 822 1444 laem,
846 1354 922 1429 ulla
937 1359 1039 1453 quies
1069 1359 1156 1453 quin
1185 1381 1308 1452 poenae
1335 1367 1551 1452 repetantur,

333 1485 369 1544 et
385 1472 515 1557 honos,
539 1495 560 1541 a
580 1469 741 1566 patribus
756 1469 925 1564 traditus,
942 1471 1068 1567 aliquo
1088 1496 1224 1568 magno
1239 1471 1399 1545 facinore
1415 1475 1555 1566 integer

332 1591 551 1660 restituatur.
577 1585 673 1678 Quae
690 1585 836 1684 quidem
857 1585 1055 1683 peculiaria
1071 1585 1123 1658 illi
1139 1589 1240 1683 genti
1265 1585 1358 1660 falso
1387 1587 1557 1660 dicantur

326 1701 631 1800 ¹quandoquidem
656 1701 752 1798 apud
783 1702 893 1774 Italos
924 1714 985 1776 aut
1007 1706 1207 1799 praesertim
1235 1702 1332 1800 apud
1354 1701 1482 1776 Gallos
1502 1705 1555 1773 in-

332 1821 524 1891 veniantur
542 1831 577 1891 et
598 1822 635 1889 in
655 1817 886 1915 poematibus
907 1845 926 1886 <<
947 1816 1060 1891 Realz‘
1076 1816 1120 1889 di
1138 1818 1304 1892 Francia
1327 1849 1345 1888 >›
1367 1817 1474 1891 dictis
1494 1830 1556 1891 aut

332 1936 370 2004 in
404 1937 536 2006 nostris
573 1937 686 2030 epicis
720 1932 943 2006 carminibus
975 1932 1110 2030 saepius
1148 1933 1385 2008 celebrentur.
1428 1931 1552 2006 Nihilo

332 2059 456 2122 tamen
478 2048 598 2122 minus
617 2047 850 2122 asserendum
875 2061 929 2121 est
955 2048 1020 2121 has
1049 2052 1198 2124 virtutes
1228 2051 1338 2122 altius
1366 2061 1554 2146 provectas

330 2189 409 2236 esse
429 2178 464 2237 et
485 2164 620 2237 diutius
635 2164 742 2238 simul
762 2179 798 2238 et
818 2163 967 2238 effusius
983 2165 1079 2263 apud
1100 2167 1287 2263 Hispanos
1307 2164 1478 2262 viguisse,
1504 2169 1555 2260 ita

328 2291 367 2354 ut
405 2279 547 2352 illarum
572 2280 640 2354 flos
669 2281 718 2353 ibi
759 2293 794 2353 et
824 2281 1020 2378 perlectum
1048 2282 1233 2380 exemplar
1262 2285 1444 2356 exstitisse
1477 2280 1553 2378 jure

330 2397 534 2472 videantur.

378 2512 450 2606 Qui
471 2516 569 2586 enim
590 2537 645 2584 res
666 2513 770 2586 aliter
789 2514 865 2587 fieri
890 2517 1128 2612 potuissent?
1156 2514 1209 2586 Ex
1235 2512 1307 2586 illis
1339 2513 1445 2586 bellis
1468 2539 1551 2611 quae

330 2632 609 2702 memoravimus
620 2633 791 2702 exsistere
808 2629 903 2727 apud
920 2629 1001 2703 illas
1014 2642 1140 2730 gentes
1155 2642 1190 2702 et
1206 2628 1408 2702 redundare
1421 2654 1546 2726 quam·

328 2745 412 2817 dam
434 2745 737 2818 consuetudinem
753 2755 901 2820 necesse
915 2758 991 2820 erat
1007 2747 1115 2818 altius
1131 2758 1252 2818 mente
1272 2744 1492 2842 exsurgendi
1514 2759 1553 2818 et

328 2859 499 2932 sublimia
538 2873 681 2934 tantum
725 2861 960 2960 excogitandi
1001 2873 1036 2933 et
1077 2864 1181 2958 quasi
1211 2889 1229 2928 «
1259 2860 1380 2934 sidera
1419 2864 1552 2934 vertice

328 2975 479 3048 feriendi
498 3007 529 3047 ».
550 2976 667 3050 Nobis
682 3003 765 3051 vero
786 3003 850 3051 seu
871 2977 1009 3050 litteras
1024 2975 1157 3074 quibus
1171 3001 1260 3049 vera
1286 2979 1407 3072 gentis
1423 2979 1547 3073 imago

327 3093 547 3186 exprimitur,
585 3117 650 3164 seu
684 3117 801 3165 rerum
835 3109 1020 3190 gestarum
1058 3090 1223 3165 Annales
1253 3089 1543 3189 respicientibuS,

325 3205 454 3278 eadem
474 3205 556 3280 baec
576 3233 655 3280 sese
680 3208 836 3282 offerunt
855 3232 973 3305 :gens
999 3234 1019 3280 e
1044 3209 1153 3280 modo
1173 3207 1281 3280 solita
1296 3231 1549 3303 soepenumero

324 3322 448 3418 egredi
468 3335 503 3395 et
518 3327 694 3396 inusitata
713 3337 855 3396 tantum
876 3335 911 3396 et
931 3323 1088 3421 grandia
1107 3348 1229 3396 amore
1245 3348 1311 3396 suo
1326 3325 1495 3420 prosequi
1513 3336 1548 3394 et

323 3437 369 3510 ad
391 3442 674 3512 ostentationem
695 3453 862 3536 prompta
876 3452 912 3512 et
931 3465 1047 3538 usque
1065 3438 1111 3511 ad
1137 3441 1265 3532 vitium
1284 3437 1544 3536 grandiloqua.

326 3554 419 3626 Haec
449 3568 559 3652 atque
587 3555 677 3626 talia
706 3559 743 3626 in
772 3555 944 3628 omnibus
963 3555 1019 3629 vel
1049 3559 1316 3654 antiquissimis
1335 3554 1435 3627 libris
1455 3580 1548 3652 quos

323 3668 406 3742 tulit
427 3668 606 3766 Hispania
628 3674 852 3767 reperiuntur
878 3675 940 3770 qui
971 3671 1062 3743 nihil
1084 3671 1182 3744 aliud
1207 3670 1314 3744 nobis
1340 3684 1549 3768 proponunt

324 3787 394 3856 nisi
414 3809 469 3858 res
480 3797 542 3858 aut
562 3787 711 3860 modum
731 3787 950 3860 excedentes
965 3802 1027 3861 aut
1043 3787 1279 3886 quotidianos
1298 3799 1334 3860 et
1350 3786 1548 3860 mediocres

323 3899 409 3974 vitae
428 3926 515 3975 usus
537 3927 797 4000 supergressas¹
812 3916 874 3976 aut
904 3908 954 3976 ita
981 3904 1072 3976 nihil
1101 3902 1224 3995 medii,
1254 3903 1346 3976 nihil
1370 3901 1547 4001 simplicis

321 4007 540 4112 praebentes
570 4031 608 4091 ut
633 4022 794 4092 insanire
828 4019 897 4110 vel,
928 4019 957 4092 si
997 4019 1065 4092 boc
1103 4018 1226 4121 durius
1260 4021 1396 4092 dictum
1424 4031 1538 4115 putes

320 4146 415 4204 certe
455 4137 611 4230 vestigia
648 4135 758 4232 vulgo
787 4161 810 4208 a
843 4131 972 4208 ceteris
1009 4135 1154 4233 populis
1190 4139 1273 4210 trita
1312 4134 1544 4232 deriliquisse

318 4247 522 4340 videantur,
546 4263 581 4322 et
608 4254 638 4323 si
659 4252 748 4349 quid
776 4251 964 4348 ingenium
987 4251 1147 4344 liberiuS,
1172 4250 1344 4325 immissis
1370 4250 1537 4341 habeniS,

317 4365 456 4437 insoliti
476 4371 685 4464 excogitare
698 4371 824 4464 possit,
854 4367 925 4440 boc
948 4372 1177 4465 potissimum
1205 4380 1392 4442 assecutos
1406 4392 1486 4440 esse
1504 4379 1542 4440 et

318 4482 355 4552 in
376 4479 432 4554 his
451 4507 535 4578 quae
555 4495 656 4555 extra
672 4496 838 4556 naturam
859 4497 894 4557 et
914 4488 1103 4558 veritatem
1123 4497 1325 4584 evagantur
1338 4483 1541 4558 exsultasse

318 4608 354 4668 et
372 4596 626 4694 triumphasse.
1168 4665 1172 4672 .
1395 4662 1398 4668 .
1422 4621 1424 4624 ’

370 4714 454 4788 Non
475 4717 585 4812 igitur
603 4715 754 4789 multum
775 4741 893 4792 avero
904 4717 1070 4791 discedat
1084 4718 1113 4790 si
1134 4719 1217 4816 quis
1235 4717 1435 4790 contendat
1451 4716 1538 4790 His-
