3416 5460
772 559 932 625 -25..

239 719 432 805 postquam
473 705 568 779 hanc
612 703 1016 804 locupletem'domum
1062 705 1303 778 admiratione
1349 703 1460 780 defixi

239 823 375 895 diutius
409 826 529 894 intuiti
558 833 655 910 sunt,
681 821 937 894 «villancico»
968 822 1129 919 lepidum
1152 821 1188 893 in
1210 846 1282 920 quo
1314 821 1461 894 Gaudia

239 937 410 1011 laudibus
429 938 649 1011 extolluntur
669 942 860 1036 incipiunt.
889 941 928 1010 ln
950 938 1062 1010 altero
1084 953 1168 1010 actu
1191 937 1373 1011 inducitur
1390 936 1464 1012 Gz‘l

240 1059 300 1153 qui
322 1054 422 1127 uxori
443 1056 632 1151 persuadet
653 1067 692 1128 ut
716 1055 864 1127 vestitus
884 1045 1085 1150 pastorales
1103 1054 1273 1150 deponat,
1291 1067 1326 1126 et
1352 1053 1457 1125 simul

240 1171 285 1242 ad
307 1170 403 1242 hanc
424 1170 616 1242 colendam
637 1175 749 1243 vitam
779 1197 863 1268 quae
885 1173 920 1240 in
948 1169 1100 1248 aedibus,
1114 1195 1299 1265 procerum
1320 1169 1462 1266 degitur

239 1287 372 1386 Mz'ngo
392 1300 426 1359 et
447 1286 581 1386 Mz'nga
603 1286 665 1358 tali
696 1285 868 1358 invitatos
895 1286 1062 1382 exemplo
1083 1285 1243 1358 adducit.
1268 1288 1341 1380 Qui
1365 1284 1403 1356 fit
1425 1297 1462 1356 ut

240 1402 263 1473 ii
281 1429 407 1476 omnes
428 1402 595 1475 sensibus
615 1402 758 1498 penitus
775 1402 1039 1474 immutentur?
1056 1403 1167 1476 Amor
1183 1427 1313 1497 nempe
1335 1401 1460 1472 harum

240 1522 481 1590 mutationum
514 1544 624 1590 causa
646 1517 709 1608 fit,
747 1517 901 1616 ideoque
919 1520 1028 1618 Jamz
1049 1519 1111 1590 del
1125 1517 1273 1590 Encz'no
1309 1515 1461 1612 Rodrigi

238 1636 281 1706 de
301 1637 389 1708 Cora
409 1639 564 1731 vestigia
577 1659 732 1732 sequens
747 1651 782 1706 et
799 1633 917 1706 locum
934 1634 1058 1708 abillo
1075 1650 1182 1732 poeta
1192 1634 1264 1730 jam
1279 1646 1457 1706 tentatum

240 1775 417 1847 usurpans
446 1754 520 1822 suis
553 1750 687 1852 Mr'ngo
719 1763 755 1822 et
794 1751 865 1825 Gz'l
900 1755 1086 1847 negotium
1122 1751 1185 1822 dat
1213 1763 1249 1822 ut
1288 1749 1461 1846 praeclare

190 1951 192 1954 Ι
238 1865 474 1962 profiteantur
489 1881 626 1964 quanta
647 1869 692 1938 sit
714 1870 858 1938 Amoris
878 1871 1063 1963 potentia;
1097 1880 1134 1938 ut
1154 1866 1273 1938 dulcia
1295 1865 1459 1936 immutet

239 1986 384 2069 amaris,
405 1980 461 2053 rel
478 2007 602 2053 amara
636 2007 754 2054 rursus
774 1985 811 2053 in
832 1981 953 2054 dulcia
988 1997 1199 2070 convertat3
1232 1995 1271 2054 ut
1305 1980 1461 2054 adducat

241 2096 408 2170 homines
429 2097 474 2169 ad
491 2099 721 2195 sperandum,
750 2099 817 2178 vel.
843 2103 871 2170 si
892 2099 996 2171 aliter
1015 2100 1165 2197 placeat,
1192 2099 1238 2172 ad
1266 2098 1461 2193 desperan-

237 2214 345 2304 dum;
365 2215 524 2312 denique
544 2229 596 2300 ut,
614 2215 642 2288 si
664 2220 713 2287 ita
734 2216 901 2288 voluntas
922 2221 1055 2288 amoris
1075 2216 1173 2300 leret,
1195 2216 1258 2286 liat
1278 2241 1297 2286 e
1317 2228 1460 2309 pastore

240 2334 406 2426 armiger,
425 2357 444 2403 e
465 2331 597 2404 rustica
618 2331 738 2427 puella
755 2349 931 2402 matrona.
949 2332 1126 2422 Quamvis
1142 2333 1273 2430 blingo
1289 2331 1460 2400 rusticum

241 2446 385 2517 vivendi
402 2472 520 2546 genus
535 2460 570 2518 et
586 2447 710 2518 dulces
726 2452 880 2518 rivorum
901 2473 1017 2545 aquas
1037 2447 1248 2544 potantibus
1262 2459 1296 2517 et
1312 2469 1461 2518 somnos

239 2565 277 2632 in
298 2561 423 2634 umbra
436 2577 470 2634 et
484 2589 573 2647 ¹cum
587 2579 697 2636 cantu
713 2567 833 2636 avium
848 2563 1075 2636 decertantes
1092 2576 1275 2660 pastorum
1298 2561 1460 2634 calamos

235 2677 415 2750 desiderio
429 2693 463 2752 et
479 2680 598 2752 studio
620 2694 867 2778 prosequatur.
893 2684 1007 2776 impar
1023 2684 1136 2752 amori
1153 2683 1326 2776 reperitur
1343 2703 1459 2773 neque

235 2821 274 2867 se
303 2799 437 2868 victum
467 2822 546 2868 esse
576 2796 715 2869 abnuit.
752 2796 875 2892 ltaque
905 2797 1160 2870 <toz'llancr'coa
1192 2820 1265 2894 quo
1292 2794 1459 2892 dialogus

232 2915 447 2983 terminatur
481 2913 649 2984 Amorem
674 2938 756 2985 eum
793 2939 872 2986 esse
910 2918 965 2986 cui
995 2941 1101 2987 nemo
1133 2913 1309 2986 obsistere
1346 2915 1460 3008 possit

233 3031 460 3124 pronuntiat,
479 3042 514 3100 et
531 3029 720 3104 hominum
743 3029 1023 3106 moderatorem.

285 3142 383 3214 Nihil
404 3168 493 3215 sane
510 3148 658 3218 interest
676 3150 768 3218 inter
788 3145 883 3217 hunc
899 3147 943 3218 de
975 3174 1047 3244 quo
1068 3147 1247 3244 loquimur
1272 3144 1459 3242 dialogum

233 3271 269 3330 et
290 3258 378 3330 illud
408 3260 656 3358 spectaculum
677 3287 775 3335 anno
806 3263 1121 3335 blCCCCXCVll
1144 3263 1267 3334 datum
1294 3264 1351 3332 cui
1375 3259 1460 3334 Gal-

235 3375 339 3445 lardo
372 3399 504 3446 nomen
545 3380 742 3473 imposuit:
781 3381 868 3452 «El
897 3377 1047 3474 triumfo,
1072 3380 1115 3450 de
1148 3381 1295 3450 Amor»
1319 3380 1389 3472 (1).
1420 3377 1459 3446 ln

235 3515 382 3562 nemore
398 3507 536 3563 secreto
557 3497 673 3566 aureis
693 3499 837 3591 sagittis
852 3495 944 3567 letas
963 3497 1084 3568 Amori
1101 3498 1256 3590 agitanti
1271 3493 1312 3571 fit
1329 3493 1457 3563 obvius

233 3621 358 3704 pastor
378 3609 513 3705 Pelayo
540 3635 647 3706 quem
669 3636 783 3682 vanas
806 3615 924 3682 minas
949 3611 1147 3708 jactantem
1178 3613 1315 3706 sagitta
1334 3612 1461 3680 sternit

234 3723 391 3820 Cupido.
426 3726 523 3795 Dum
549 3729 694 3796 saucius
729 3725 849 3798 lucum
888 3726 1107 3798 clamoribus
1147 3726 1283 3820 implet,
1310 3724 1356 3796 ad
1377 3750 1458 3796 eum

232 3843 342 3910 amici
375 3841 473 3911 Broc
500 3854 535 3911 et
559 3841 740 3940 Jaarrr‘llo
768 3857 1009 3929 concurrunt,
1051 3842 1159 3939 paulo
1193 3857 1274 3938 post
1308 3840 1454 3912 devenit

235 3956 403 4048 Armiger
437 3956 508 4051 qui,
553 3975 665 4027 ntorte
701 3963 853 4052 pastoris
892 3971 1086 4054 comperta,
1122 3971 1273 4029 testatur
1303 3982 1461 4029 amorem

235 4069 325 4140 nulli
356 4097 434 4141 esse
464 4072 721 4168 superabilem.
753 4074 828 4144 Nec
856 4075 954 4146 deest
977 4074 1028 4144 illi
1050 4079 1147 4169 operi
1183 4075 1304 4170 lepos;
1338 4099 1463 4144 versus

231 4185 331 4257 velut
348 4190 500 4258 incitato
527 4214 632 4260 cursu
648 4189 846 4284 procedunt
866 4224 872 4279 ;
897 4189 947 4260 illi
978 4193 1154 4286 imprimis
1185 4190 1328 4286 quibus,
1351 4194 1457 4260 initio

235 4307 375 4396 operis,
416 4303 528 4377 Amor
565 4305 663 4375 solus
696 4331 818 4377 secum
854 4306 1033 4403 loquitur,
1072 4306 1249 4396 volubiles
1282 4319 1317 4377 et
1355 4305 1461 4376 nitidi

235 4417 377 4489 fluunt:

290 4563 308 4601 «
327 4533 682 4632 Nullusimprudens
702 4538 834 4610 audeat
868 4563 952 4612 suas
991 4563 1131 4612 mecum
1167 4542 1257 4611 vires
1284 4536 1454 4624 conferre,

274 4797 310 4861 (1)
323 4795 363 4847 Cf.
379 4798 413 4848 El
428 4799 552 4849 Criticon.
566 4799 675 4862 Madrict,
692 4805 759 4864 1835.
816 4755 821 4770 ¹
