3416 5460
717 513 876 608 *⁵¹.-

187 661 318 760 lepidis
337 677 372 737 et
399 663 568 762 ingenuis
588 662 706 736 verbis
721 664 850 736 Calisti
868 662 1050 760 cupiditas
1062 682 1097 736 et
1115 663 1288 736 Melibeae
1305 689 1408 737 arnor

184 782 340 874 primum
360 779 627 880 depinguntur!
645 779 714 851 Per
735 778 890 851 mediam
910 793 1054 852 noctem
1075 792 1110 852 et
1125 805 1145 852 e
1160 778 1282 853 ferreis
1297 792 1407 876 porta

184 895 358 968 cancellis
377 910 612 994 prospectans
639 895 808 992 juvenem
835 895 955 992 puella
984 907 1062 967 orat
1091 922 1137 968 ne
1166 898 1405 994 inceptoper·

184 1029 331 1084 maneat
359 1027 395 1084 et
420 1011 524 1084 lamae
562 1011 682 1084 adhuc
714 1015 860 1082 intactae
894 1011 1062 1108 injuriam
1095 1009 1246 1108 injiciat.
1284 1010 1403 1104 Quem

182 1149 265 1198 cum
279 1131 522 1201 excruciatum
534 1143 570 1199 et
590 1126 690 1200 nullo
721 1130 791 1198 nisi
814 1125 990 1198 moriendi
1011 1125 1168 1199 consilio
1188 1138 1402 1201 contentum

180 1239 281 1314 videt
302 1245 352 1314 ita
381 1243 629 1316 misericordia
648 1255 895 1314 commovetur
924 1256 962 1315 ut
983 1241 1096 1315 animi
1123 1254 1261 1315 secreta
1284 1242 1402 1316 celare

181 1382 256 1428 non
276 1363 388 1455 possit
412 1371 461 1446 et,
488 1359 693 1432 exsultante
724 1356 877 1448 Calido,
901 1363 1006 1457 quasi
1023 1359 1124 1431 ebria
1151 1371 1187 1431 et
1209 1361 1289 1456 ipsa
1320 1358 1398 1432 fiat.

175 1473 355 1570 Juvenem
392 1488 515 1548 tamen
544 1487 704 1548 moratur
730 1474 790 1570 qui
826 1489 967 1571 portam
1001 1473 1167 1572 frangere
1187 1486 1341 1548 conatur
1366 1487 1402 1548 et
1511 1526 1515 1536 ·

176 1613 260 1661 eum
282 1589 494 1663 dulcissima
513 1589 693 1663 solatione
721 1590 858 1663 solatur
883 1603 922 1663 ut
942 1617 1021 1688 quae
1041 1616 1080 1662 se
1104 1603 1138 1662 et
1165 1615 1251 1664 suos
1270 1604 1306 1664 et
1324 1588 1401 1688 ejus

176 1703 319 1778 dolores
339 1709 413 1804 pati
429 1706 638 1804 profiteatur
656 1719 691 1779 et
711 1731 749 1778 se
769 1719 913 1802 postera
937 1718 1045 1779 nocte
1066 1705 1257 1778 visendam
1273 1704 1401 1782 offerat

227 1822 323 1915 Quae
336 1825 388 1894 sic
403 1825 565 1919 ingenuo
584 1821 708 1894 animo
723 1821 925 1919 pollicetur,
940 1833 976 1895 et
992 1821 1066 1895 alia
1080 1821 1228 1920 quidem
1245 1825 1398 1919 quorum

174 1939 354 2009 rationem
375 1937 472 2010 haud
490 1915 611 2027 babet,
636 1937 814 2012 Calistum
835 1937 996 2012 Melibea
1017 1937 1190 2036 impedire
1205 1961 1280 2011 non
1302 1937 1399 2011 valet

175 2055 267 2148 quin
306 2056 465 2152 accipiat
494 2065 557 2129 aut
587 2053 726 2151 eripiat.
764 2053 919 2126 Pleberii
951 2057 1049 2126 enim
1081 2058 1120 2126 in
1158 2054 1300 2127 hortum
1338 2078 1400 2151 per

175 2168 346 2242 tenebras
365 2169 424 2243 vix
443 2171 585 2267 juvenis
609 2175 742 2268 irrupit,
771 2184 805 2244 et
826 2170 960 2244 dilecto
994 2170 1165 2269 amplexu
1194 2197 1268 2244 non
1302 2170 1397 2268 prius

174 2283 343 2358 avellitur
380 2312 489 2386 quam
528 2291 653 2360 omnia
690 2301 726 2360 et
775 2286 1003 2360 validissima
1052 2287 1201 2385 pudoris
1250 2287 1397 2361 vincula

172 2400 382 2475 exsolverit.
407 2403 561 2499 Culpam
590 2402 834 2476 insanabilem
866 2417 901 2476 et
923 2415 1064 2477 tantum
1102 2403 1204 2501 genti
1235 2402 1394 2476 dedecus

172 2516 371 2591 admissum
389 2518 549 2591 Melibea
569 2524 722 2617 primum
750 2519 969 2593 lamentatur
988 2554 994 2610 ;
1016 2519 1215 2610 sed„nullo
1234 2518 1394 2594 remedio

173 2637 266 2724 viSO,
305 2638 342 2708 in
381 2660 539 2708 amorem
574 2635 707 2708 deinde
732 2639 802 2708 ruit
826 2648 860 2708 et
905 2640 942 2707 in
972 2635 1102 2732 ultimo
1140 2660 1222 2709 cum
1252 2634 1394 2709 Calisto

171 2748 358 2849 colloquio
385 2778 458 2824 non
489 2751 536 2824 ab
562 2778 606 2826 eo
626 2777 687 2850 per
706 2751 938 2826 occasionem
968 2756 1104 2849 rapitur
1130 2751 1194 2826 sed
1214 2777 1293 2825 sese
1314 2755 1393 2848 ipsa

168 2869 203 2938 ei
224 2865 380 2941 libenter
398 2867 519 2942 tradit.
540 2870 681 2942 «Tune
702 2868 761 2942 hic
782 2894 833 2957 ea,
865 2868 1046 2942 exclamat
1066 2868 1259 2967 illaquam
1294 2867 1392 2966 prius

168 2995 363 3056 canentem
382 2981 526 3058 Calr'sto
540 2984 694 3058 latenter
709 2982 873 3058 audierat
883 2997 918 3057 et
932 3010 1030 3058 nunc
1047 2984 1157 3056 habet
1169 2983 1387 3081 amplexam,

166 3111 256 3171 tune
277 3098 335 3172 hic
355 3126 407 3188 es,
425 3105 550 3174 anima
570 3105 649 3198 ipsa
668 3114 702 3174 et
727 3102 911 3174 corculum
936 3127 1052 3174 meum
1068 3103 1084 3172 l
1100 3101 1170 3174 Ubi
1189 3100 1390 3173 absconsus

166 3239 259 3306 eras
284 3215 507 3290 lucidissime
520 3217 573 3290 sol
587 3220 645 3290 Ρ...
670 3217 744 3290 Cur
759 3243 816 3290 me
832 3243 940 3290 rauca
952 3231 988 3290 et
1008 3216 1164 3290 absurda
1181 3242 1261 3288 mea
1277 3216 1392 3289 instar

165 3334 273 3428 cycni
304 3359 393 3408 voce
424 3333 553 3408 lrustra
586 3359 704 3407 aerem
739 3333 925 3406 verberare
944 3358 1073 3430 passus
1103 3335 1173 3406 es?
1192 3334 1308 3406 Totus
1329 3332 1389 3406 hic

165 3447 292 3522 hortus
308 3463 430 3525 noster
444 3452 604 3526 adventu
614 3465 676 3526 tuo
693 3477 787 3525 nova
802 3450 927 3523 laetitia
941 3449 1136 3524 inducitur.
1149 3449 1244 3522 Vide
1265 3449 1388 3522 lunam

167 3566 262 3637 inter
281 3566 561 3642 innumerabilia
589 3567 705 3641 sidera
726 3567 986 3666 prolucentem.
1023 3567 1157 3639 Nonne
1186 3567 1388 3638 suaviorem

165 3678 286 3752 lucem
320 3683 454 3757 coelum
474 3708 635 3756 exserere
674 3683 843 3757 videtur?
875 3681 970 3755 Vide
992 3681 1107 3754 nubes
1135 3706 1244 3779 quam
1264 3679 1389 3776 rapide

164 3819 231 3891 per
250 3797 415 3872 coelestia
435 3804 553 3898 spatia
575 3798 750 3900 diffugere
770 3813 987 3896 properant:
1011 3797 1096 3870 audi
1126 3797 1222 3870 hanc
1255 3821 1389 3894 aquam

164 3911 279 4010 longe
298 3920 463 4008 suaviore
484 3941 581 3989 nunc
602 3939 780 3990 murmure
800 3940 862 4012 per
881 3913 1089 3987 viridarium
1107 3911 1175 3985 hoc
1199 3909 1388 3984 florescen-

162 4031 256 4102 tium
278 4030 468 4107 herbarum
498 4032 543 4106 de
576 4029 675 4105 lonte
706 4030 971 4106 decurrentem.
997 4030 1138 4102 Ventus
1157 4031 1268 4101 etiam
1289 4052 1388 4100 com-

162 4148 409 4243 positissimus
446 4175 588 4223 summa
620 4151 792 4246 temperie
831 4150 956 4220 omnia
998 4143 1195 4245 permulcet
1223 4155 1259 4216 et
1283 4146 1386 4241 quasi

162 4286 275 4336 voces
294 4277 437 4340 mutuas
456 4264 626 4342 foliorum
643 4261 829 4336 hincinde
848 4261 1001 4360 perterre
1021 4262 1244 4360 propositum
1260 4257 1383 4330 habet.

163 4377 437 4454 Placidissimae
459 4391 545 4454 sunt
582 4378 749 4454 arborum
787 4377 926 4451 umbrae
961 4389 996 4449 et
1029 4375 1270 4448 obscuritates
1302 4397 1386 4445 suas

162 4495 391 4571 condensare
422 4509 601 4572 conantur
619 4507 658 4569 ut
683 4494 821 4570 furtivis
841 4497 973 4567 nostris
992 4489 1238 4588 voluptatibus
1257 4493 1385 4586 gratis·

148 4613 297 4686 'simum
313 4612 491 4689 inducant
505 4626 701 4712 tegmen...
721 4610 821 4706 Quid
842 4614 897 4684 vis
918 4612 1095 4684 cantitare
1111 4632 1181 4698 me,
1196 4607 1385 4678 Amasium

159 4729 318 4806 meum?
340 4730 572 4808 Desiderium
598 4742 699 4804 tuum
731 4751 857 4802 vocem
887 4750 1004 4798 meam
1035 4721 1213 4798 incitabat
1242 4731 1278 4793 et
1305 4719 1380 4818 ejus
