3388 5458
254 1224 346 1324 Lope
373 1224 476 1298 illum
510 1224 555 1299 de
595 1227 691 1326 Vaga
721 1229 760 1299 in
798 1224 956 1322 legenda
976 1224 1166 1301 Celestina
1199 1228 1429 1302 immoratum

205 1365 285 1414 esse
319 1367 439 1440 eaque
461 1345 635 1416 nutritum
663 1367 741 1416 esse
768 1341 973 1439 operassjus
994 1343 1242 1417 diversissima
1262 1341 1430 1418 demons-

203 1468 313 1530 trant.
333 1457 417 1530 Non
434 1461 543 1555 igitur
561 1483 652 1556 opus
662 1471 716 1532 est
733 1487 752 1526 «
766 1459 958 1531 Doroteom
974 1487 993 1528 »
1015 1457 1161 1556 longius
1187 1483 1429 1534 memoremus
1480 1497 1483 1506 ·

204 1597 290 1670 quae
305 1575 398 1646 inter
429 1572 541 1647 libros
571 1577 808 1648 suavissimos
828 1598 920 1670 quos
939 1600 1102 1673 unquam
1124 1572 1244 1648 soluto
1263 1598 1429 1650 sermone

201 1700 367 1763 auctores
388 1690 653 1787 Hispanienses
666 1689 856 1762 ediderunt
882 1689 1160 1765 annumeranda
1179 1701 1246 1780 est,
1271 1714 1429 1790 quaeque

199 1803 328 1878 sedulo
361 1831 380 1878 e
416 1805 602 1880 Celestina
635 1803 914 1879 similitudinem
948 1805 1061 1880 ducit.
1099 1806 1178 1880 Nec
1212 1803 1314 1880 aliud
1343 1817 1429 1881 ante

199 1919 325 1994 oculos
362 1920 546 2018 exemplar
576 1921 670 2020 Lapa
704 1919 832 1994 habuit
866 1945 948 1993 cum
987 1920 1089 1994 illam
1123 1919 1246 1994 lenam
1266 1945 1352 2020 quae
1389 1920 1427 1994 in

198 2033 382 2110 comoedia
411 2064 429 2105 ‹<
446 2035 505 2109 El
518 2036 694 2108 caballero
719 2037 763 2108 de
784 2036 933 2110 Olmedo
950 2067 968 2107 ›>
989 2049 1152 2112 versatur
1166 2033 1303 2110 effinxit
1318 2069 1326 2129 ;
1359 2062 1427 2111 nec

198 2153 327 2226 eodem
366 2150 466 2225 lonte
499 2155 619 2226 minus
657 2151 718 2225 ille
753 2181 771 2220 «
805 2153 1004 2227 Entremes
1035 2155 1078 2227 de
1107 2154 1143 2226 la
1177 2150 1383 2228 Heclizera
1405 2182 1425 2223 »

197 2267 341 2342 effluere
362 2267 516 2342 videtur.
547 2267 704 2342 Lr'donio
722 2281 843 2342 autem
875 2271 912 2340 in
946 2269 1129 2344 comoedia
1150 2269 1208 2342 El
1221 2268 1341 2369 llegar
1365 2293 1426 2342 con

196 2383 337 2458 ocasr'cm
357 2397 502 2458 enarrat
520 2410 559 2458 se
585 2397 624 2459 ut
651 2383 694 2456 iis
713 2383 819 2458 rebus
835 2409 927 2482 quas
952 2383 1146 2482 concupiat
1173 2387 1333 2484 potiatur
1348 2395 1425 2458 arte

197 2500 357 2601 quadam
385 2525 491 2574 usum
508 2526 585 2575 esse
614 2527 687 2600 qua
715 2500 863 2574 Colz'sto
880 2497 946 2574 uti‘
966 2501 1083 2576 soleat
1114 2513 1150 2575 et
1178 2499 1355 2576 auxilium
1376 2499 1424 2573 ab

196 2643 271 2692 anu
294 2615 455 2690 officiosa
484 2621 670 2713 petivisse.
690 2619 731 2690 ln
753 2645 770 2685 ‹<
788 2615 1024 2691 Gatomachr’a
1040 2647 1059 2687 »
1089 2619 1200 2690 etiam
1220 2628 1257 2690 et
1294 2619 1333 2690 in
1367 2614 1426 2689 his

194 2733 357 2807 versibus
377 2731 538 2806 ridiculis
554 2758 646 2831 quos
661 2730 775 2805 edidit
789 2734 994 2808 rarissimus
1012 2732 1073 2806 ille
1093 2745 1202 2831 poeta
1213 2760 1233 2802 «
1246 2733 1304 2806 El
1316 2729 1426 2828 fenix

192 2851 237 2924 de
256 2851 309 2923 los
328 2845 500 2949 ingenim
526 2849 715 2948 espanoles
741 2878 759 2919 o
780 2848 898 2922 dictus
917 2848 1238 2948 deprehenduntur
1256 2847 1423 2948 quaedam

192 2977 314 3064 partes
328 2990 414 3064 quae
435 2967 473 3037 in
491 2977 651 3038 mentem
677 2963 903 3039 Celestinam
933 2977 996 3039 aut
1019 2963 1219 3038 Melibeam
1236 2974 1420 3040 revocent.

196 3081 356 3156 Referre·
377 3092 498 3154 autem
533 3107 643 3179 quam
672 3081 749 3180 ejus
778 3081 946 3179 discipuli
974 3082 1071 3156 hanc
1104 3080 1424 3178 tragicomoediam

194 3201 328 3271 imitati
361 3201 437 3271 sint
464 3213 774 3294 supervacaneum
808 3197 962 3272 videtur.
998 3201 1039 3272 ln
1069 3199 1281 3271 memoriam
1320 3195 1422 3270 illum

196 3343 216 3384 <r
230 3315 298 3388 'don
315 3313 424 3414 Juan
442 3343 461 3384 »
483 3339 652 3388 revocare
671 3317 760 3388 satis
773 3313 871 3388 erita
886 3313 1266 3388 MarchionedeMota
1282 3310 1421 3411 aliquid

194 3441 469 3529 percontantem
497 3430 545 3504 de
564 3433 741 3505 matronis
765 3429 933 3528 hispanis
951 3456 1031 3529 quae
1051 3428 1200 3530 quidem
1228 3427 1423 3503 Celestinae

194 3549 351 3644 vestigia
365 3558 563 3645 sequantur
588 3547 656 3644 (1).
685 3545 858 3619 Meretrix
879 3549 977 3619 enim
993 3557 1030 3619 et
1063 3545 1148 3620 lena
1167 3570 1189 3618 a
1218 3542 1423 3618 Calderone

194 3674 337 3740 tantum
366 3687 410 3736 ex
442 3661 499 3734 his
527 3660 660 3735 fabulis
689 3664 871 3762 praecipue
904 3665 979 3760 regi
1001 3661 1174 3760 Philippo
1195 3661 1245 3735 IV
1273 3659 1424 3760 ejusque

193 3779 322 3854 aulicis
355 3778 497 3877 scriptis
517 3789 756 3870 amoventur;
789 3804 856 3851 nec
876 3790 1000 3852 tamen
1028 3777 1104 3877 jure
1133 3775 1309 3852 affirmare
1340 3775 1424 3851 licet

192 3895 293 3969 illam
312 3895 355 3968 de
379 3892 526 3969 Calisto
548 3920 579 3993 y
604 3892 763 3966 Melz'boa
781 3893 1099 3992 tragicomoediam
1120 3891 1212 3966 nihil
1234 3896 1272 3966 in
1307 3895 1421 3992 ipsius

191 4024 311 4110 poetae
330 4009 474 4084 theatro
492 4007 625 4088 valere.
1308 4020 1316 4037 ¹

242 4128 375 4203 Merito
393 4125 504 4226 igitur
531 4124 751 4200 contendere
780 4124 906 4200 licebit
929 4149 1128 4216 «aureae»,
1152 4136 1191 4199 ut
1212 4127 1263 4198 ita
1282 4123 1419 4212 dicam,

194 4248 311 4321 atatis
326 4243 528 4320 comoedias
546 4241 700 4317 multum
715 4267 739 4315 a
757 4241 959 4316 dramatico
976 4240 1161 4316 Fernandi
1178 4244 1291 4315 nostri
1313 4265 1421 4337 opere

194 4374 380 4440 mutuatas
401 4387 491 4437 esse.
523 4359 725 4436 Nonnullae
745 4360 844 4435 enim
875 4383 1041 4457 personae
1076 4383 1168 4456 quas
1191 4357 1302 4459 vulgo
1327 4356 1420 4458 Lope

225 4633 263 4701 (Ι)
277 4631 310 4686 cl
322 4631 394 4686 itm
406 4631 438 4684 dc
451 4630 553 4683 Melina
562 4629 637 4682 etEt
647 4583 770 4680 burladoi'
780 4627 812 4680 de
824 4625 921 4677 Smilla
929 4641 952 4678 r.
