3388 5458
652 424 831 470 -111-

133 583 248 646 artem
267 575 322 645 sui
336 570 421 668 juris
441 570 558 644 lacere
580 582 771 644 conantur.
795 559 896 643 Nihil
918 573 1016 642 enim
1037 570 1267 668 antiquarum
1287 585 1356 646 tra·

133 687 339 783 goediarum
361 686 428 758 nisi
450 687 579 758 choros
600 691 638 758 in
664 686 840 786 Josefina
868 710 933 758 sua
957 686 1096 759 Mz'cael
1115 690 1157 760 de
1177 689 1361 787 Carvajal

133 802 264 876 retinet
284 802 344 900 qui
362 802 560 876 Celestz'nae
585 813 647 874 out
668 801 918 898 Propallodz'ce
937 801 1126 882 licentiora
1145 803 1253 876 verba
1283 829 1354 877 res-

135 922 228 1015 puit,
249 918 424 992 vividiora
455 945 537 992 vero
574 933 608 993 et
641 918 822 992 festiviora
855 931 1002 1016 usurpat
1031 935 1069 992 ut
1101 921 1214 1020 Jacob
1250 944 1354 993 suum

136 1034 294 1107 Pleberii
327 1039 461 1132 pietate
499 1035 709 1108 instinctum
747 1033 1015 1106 et·Zen0biam
1045 1035 1217 1110 Melilreae
1248 1035 1357 1108 modo

134 1150 323 1223 ardentem
336 1150 498 1248 effingat.
514 1149 707 1224 Comoedia
723 1170 842 1222 autem
860 1149 1026 1252 Prodzga
1044 1149 1094 1240 (1)
1111 1151 1223 1224 multo
1240 1150 1356 1248 magis

133 1265 446 1363 Tragicomoediae
471 1267 514 1339 de
541 1266 686 1340 calisto
699 1293 730 1365 y
749 1267 908 1340 Melz'bea
930 1271 1140 1340 memoriam
1155 1279 1300 1340 revocat
1319 1279 1357 1340 ut

132 1406 220 1479 quae
252 1381 400 1478 juvenes
433 1382 480 1456 de
522 1381 627 1455 malis
661 1381 871 1456 mulieribus
906 1395 941 1455 et
970 1382 1092 1454 inlidis
1122 1385 1295 1456 ministris
1320 1369 1358 1456 et

133 1501 214 1594 ipsa
243 1510 480 1594 praemoneat.
515 1499 659 1570 Etenim
687 1497 854 1598 Prodigo
888 1499 949 1598 qui
984 1503 1022 1569 in
1042 1524 1086 1570 ea
1120 1501 1253 1600 primas
1282 1497 1358 1599 agit

132 1624 257 1710 partes
292 1614 445 1686 militum
478 1613 717 1712 quorumdam
742 1613 892 1710 perfidia
911 1617 1122 1711 opprimitur
1146 1615 1207 1712 qui
1228 1615 1357 1688 aCen-

131 1732 278 1802 turionc
312 1743 345 1802 et
372 1729 508 1803 abillis
541 1734 577 1801 in
600 1725 814 1804 So'la’adesca
834 1733 887 1826 (2)
904 1731 1060 1802 inductis
1080 1729 1355 1804 similitudinem

134 1843 291 1934 ducunt,
313 1871 380 1919 nec
411 1871 497 1936 non,
521 1873 603 1921 cum
633 1847 678 1918 ad
710 1847 882 1920 Brianam
911 1843 1084 1942 confugit,
1108 1845 1258 1918 alteram
1288 1848 1355 1920 Ce-

133 1960 307 2034 lestinam
335 1960 524 2057 experitur,
556 1988 623 2035 nec
652 1988 726 2035 non
747 1975 793 2044 et.
825 1961 922 2034 velut
950 1961 1103 2046 Calz'sto,
1130 1986 1293 2060 praeceps
1310 1963 1355 2036 ad

133 2089 267 2164 terram
296 2075 413 2166 datur,
438 2103 512 2151 non
533 2103 622 2151 sane
652 2077 736 2166 vita,
761 2081 861 2151 omni
882 2076 1009 2149 saltem
1047 2101 1083 2149 re
1103 2075 1270 2150 familiari
1297 2105 1356 2150 ex-

134 2190 277 2288 pulsus.
302 2192 356 2264 lta
375 2191 417 2264 fit
443 2206 482 2266 ut
503 2225 519 2261 <r
536 2193 710 2267 Comedz'a
745 2191 947 2292 Prodigus
986 2217 1048 2288 per
1084 2205 1222 2288 septem
1256 2206 1359 2266 actus

131 2306 312 2404 producta
341 2311 401 2406 qui
431 2308 605 2382 brevitate
625 2308 707 2381 illas
737 2336 758 2382 a
780 2310 876 2405 Lope
907 2307 951 2380 de
986 2308 1117 2380 Rueda
1138 2337 1156 2376 «
1173 2334 1316 2382 escenas
1338 2341 1356 2378 »

130 2423 254 2495 dictas
283 2436 526 2521 assequuntur
544 2451 646 2522 aeque
668 2451 711 2498 ac
742 2423 927 2500 Celestino
946 2427 1133 2496 veritatem
1159 2425 1295 2498 redolet
1323 2441 1359 2498 et

130 2538 243 2611 simul
270 2541 388 2637 magis
411 2564 534 2634 presso
563 2552 598 2612 et
624 2543 777 2614 incitato
797 2539 905 2612 modo
925 2537 1098 2635 procedit,

185 2653 296 2746 Quod
316 2655 519 2751 exemplum
544 2659 573 2728 si
595 2655 687 2753 Lupe
705 2657 748 2728 de
779 2657 873 2754 Vega
892 2653 1039 2752 ejusque
1067 2654 1234 2753 discipuli
1266 2682 1358 2730 asse·

132 2772 210 2843 cuti
226 2781 361 2857 essent,
376 2770 528 2844 multum
547 2771 698 2845 fortasse
712 2769 958 2868 proiecissent.
974 2768 1087 2842 Sexto
1101 2774 1198 2842 enim
1214 2770 1355 2846 decimo

131 2883 322 2987 insaeculo
347 2890 600 2986 nescioquem
634 2891 813 2960 sincerum
854 2897 968 2982 poetae
1000 2906 1167 2980 saporem
1200 2886 1356 2962 fundunt

131 3027 209 3099 quo
235 2998 349 3074 multo
369 3007 487 3099 magis
507 3001 730 3076 delectamur
748 3027 856 3100 quam
872 3000 1001 3074 lucetis
1025 3000 1151 3075 horum
1185 3003 1356 3078 odoribus

130 3115 196 3215 qui
220 3115 269 3188 ab
301 3113 374 3189 illis
399 3117 549 3214 proiecti
578 3130 674 3191 sunt.
713 3117 924 3192 Secundum
955 3127 1121 3189 naturam
1152 3143 1355 3193 sermonem

128 3245 209 3305 tum
236 3233 427 3328 scriptores
446 3238 640 3308 enuntiant
661 3232 733 3330 qui,
758 3233 854 3306 velut
870 3232 982 3330 Rojas
1006 3245 1137 3322 noster,
1152 3233 1354 3330 simplicem

127 3359 246 3444 atque
268 3351 306 3419 in
326 3361 492 3446 promptu
529 3353 686 3446 positum
717 3348 863 3422 dicendi
880 3347 1025 3421 modum
1048 3348 1094 3420 ad
1111 3349 1355 3422 vividissimas

126 3486 187 3535 res
215 3464 374 3559 ingenue
401 3465 654 3562 exprimendas
670 3463 847 3537 adhibent
862 3466 933 3558 (3).
958 3463 1031 3556 Qui
1049 3479 1176 3537 contra
1198 3468 1354 3561 septimo

130 3575 280 3652 decimo
304 3583 342 3650 in
361 3580 494 3654 saeculo
513 3584 702 3678 ingenium
721 3567 873 3678 petant,
891 3579 976 3652 dum
1003 3579 1098 3653 fictis
1113 3593 1149 3652 et
1167 3583 1353 3653 veritatem

131 3690 399 3768 excedentibus
413 3693 546 3768 fabulis
566 3699 775 3783 inserviunt,
797 3697 979 3767 arcessitis
997 3707 1145 3768 utuntur
1163 3699 1354 3769 sententiis

19 3869 20 3872 ,
129 3817 168 3880 et
203 3803 275 3903 jam
307 3804 603 3882 deflorescentem
636 3822 671 3882 et
702 3808 926 3882 deminutam
957 3808 1201 3906 hispaniensis
1225 3810 1354 3886 theatri

161 4027 203 4091 (1)
218 4024 284 4089 Quae
303 4029 432 4080 comoedia
453 4046 469 4080 a
493 4031 559 4080 Lur's
573 4032 605 4080 de
621 4030 746 4080 Miranda
769 4030 863 4096 scripta
884 4038 931 4080 est.

161 4107 202 4169 (2)
222 4107 309 4156 Torres
322 4109 450 4162 Naharro.

160 4185 203 4251 (³)
220 4185 280 4235 Non
294 4187 349 4237 eine
364 4206 442 4240 causa
457 4192 643 4260 grammaticus
659 4195 692 4243 D.
711 4193 820 4241 Manuel
841 4193 944 4254 Cancro,
967 4191 1028 4242 dum
1044 4192 1151 4244 mimum
1167 4194 1309 4260 quemdem
1324 4196 1358 4246 eb

126 4266 227 4314 Alonso
244 4267 276 4314 de
287 4266 380 4332 Salaya
395 4272 568 4337 compositum
589 4287 649 4322 cum
674 4271 801 4322 subsimili
813 4278 884 4338 parte
896 4272 1032 4322 comoediae
1044 4274 1079 4325 El
1090 4275 1166 4322 Amor
1169 4292 1190 4338 y
1201 4276 1225 4325 el
1234 4275 1358 4328 Amistad

126 4343 262 4410 inseriptae
280 4346 384 4409 confert,
401 4362 513 4401 veterem
528 4360 554 4402 et
567 4352 704 4403 obscurum
721 4360 825 4418 poetam
840 4351 991 4418 nescioquo
1015 4353 1127 4420 ingenuo
1139 4362 1164 4404 et
1185 4354 1264 4405 flebili
1285 4357 1358 4408 leno·

126 4422 203 4474 cinio
220 4425 381 4477 notissimum
406 4438 432 4480 et
456 4432 624 4482 recentiorem
643 4433 714 4482 Tirso
740 4434 771 4481 de
796 4433 898 4484 Melina
924 4432 1051 4483 interdum
1077 4450 1197 4500 superare
1223 4434 1354 4502 praedicet.

127 4501 178 4568 (Cf
193 4504 285 4555 Teatro
297 4509 399 4569 ospanol
413 4511 455 4560 del
468 4510 543 4576 Siglo
553 4513 580 4562 X
583 4513 623 4572 Vr,
642 4511 752 4576 Madxid,
770 4513 850 4578 1885).
862 4541 893 4553 -
905 4513 971 4564 Tale
985 4514 1081 4581 aliquid
1090 4515 1185 4567 senties
1196 4515 1227 4581 ei,
1242 4517 1356 4585 perlecta

124 4583 249 4647 Joeeflna
280 4589 412 4654 tragoedin,
437 4591 593 4643 comediam
629 4595 696 4646 «zor
710 4593 834 4656 Triunfoe
849 4595 881 4644 de
903 4593 1002 4659 Josej»
1028 4595 1152 4648 evolveris
1173 4612 1231 4664 quae
1254 4613 1272 4649 e
1294 4596 1355 4650 Cel·

125 4661 233 4720 &mne
245 4665 341 4736 miple
352 4684 410 4722 em
425 4677 534 4740 pulex.
