3416 5460
846 487 1009 566 ..60-

319 633 538 721 Parmenoni
574 647 786 745 promiserat
816 654 1022 746 praemium,
1055 649 1156 722 nulla
1188 654 1402 748 interposita
1422 677 1536 738 mora,

317 764 482 850 exsolvit,
502 765 751 863 Areusamque
772 780 809 838 ut
824 770 937 838 viram
950 766 1091 838 deliciis
1107 779 1141 838 et
1161 751 1407 863 voluptatibus
1427 767 1538 839 dedat

318 867 479 977 impellit,
506 907 572 952 nec
592 907 673 952 eam
693 906 759 953 suo
781 885 896 978 primo
912 895 1074 954 amatore
1094 895 1304 954 contentam
1334 908 1412 954 esse
1433 885 1534 954 sinit.

320 997 397 1067 Has
416 999 514 1068 enim
530 997 751 1092 corruptelas
780 997 929 1070 adhibet
950 995 1082 1094 quibus
1113 1000 1351 1094 posteriorum
1390 1009 1535 1070 aetatum

318 1109 409 1182 lenae
434 1111 631 1184 Celestinae
665 1111 817 1208 vertigia
858 1125 1055 1209 sequentes
1086 1123 1256 1202 utentur,
1296 1137 1417 1184 earum
1457 1137 1540 1184 vero

320 1226 420 1298 nulla
466 1227 550 1298 huic
591 1242 726 1300 nostrae
775 1253 812 1299 se
860 1226 1080 1326 aequiparare
1126 1241 1255 1324 potest.
1299 1230 1390 1322 Quae
1437 1231 1537 1300 enim

319 1359 467 1439 possunt
505 1369 584 1416 esso
617 1343 891 1416 adhortationes
930 1347 1154 1440 impurioreS,
1185 1371 1264 1442 quae
1303 1343 1538 1416 lenocinandl

317 1482 374 1530 ars
388 1457 581 1530 solertior?
603 1459 694 1551 Quae
717 1463 833 1556 aptior
849 1459 894 1529 ad
916 1457 1087 1556 pudorem
1111 1457 1272 1532 funditus
1305 1463 1541 1554 exstinguen-

318 1572 435 1646 dum?
473 1573 513 1646 Si
550 1571 774 1646 Celestinam
808 1599 889 1646 cum
930 1575 1068 1647 Areusa
1101 1574 1371 1672 colloquentem
1411 1574 1539 1646 audire

316 1705 432 1775 vacat,
453 1688 528 1761 haec
555 1687 771 1771 audiamus:
803 1687 1015 1762 muliebrem
1044 1690 1197 1762 lormam
1230 1715 1313 1761 eam
1341 1715 1420 1760 esse
1454 1715 1536 1786 quae

318 1803 456 1876 inutilis
474 1804 537 1876 liat
554 1807 623 1876 nisi
652 1805 774 1876 multis
790 1809 1081 1878 communicetur
1097 1837 1103 1894 ;
1130 1804 1220 1876 nihil
1241 1830 1319 1876 esse
1336 1829 1454 1877 causae
1470 1829 1536 1876 cur

320 1919 527 1992 homiuibus
562 1919 790 2016 denegentur
827 1919 968 1994 deliciae
1002 1947 1082 1994 cum
1117 1919 1208 1990 nihil
1244 1919 1454 1994 mulieribus
1492 1923 1538 1991 sit

318 2035 548 2124 damnosum,
573 2036 671 2134 quod
692 2050 816 2132 petant
838 2035 1014 2119 homines
1048 2061 1158 2134 quam
1187 2035 1348 2133 plurimis
1381 2035 1504 2132 largiri
1531 2069 1537 2120 ;

319 2150 414 2224 hanc
434 2165 574 2225 tantum
592 2157 720 2224 sectari
742 2166 855 2225 artem
878 2165 1053 2250 oportere,
1076 2151 1214 2224 scilicet
1235 2155 1447 2248 utquisque
1468 2151 1539 2224 sibi

318 2265 384 2340 soli
406 2267 530 2340 credat
549 2266 625 2340 dari
648 2267 745 2365 quod
768 2293 889 2367 quam·
913 2267 1077 2364 plurimis
1097 2266 1284 2340 tribuatur.
1320 2267 1403 2340 Non
1426 2270 1539 2364 igitur

320 2386 449 2475 mirum
481 2385 510 2454 si
547 2379 684 2455 Areusa
724 2382 780 2454 his
821 2387 970 2455 monitis
1003 2381 1107 2455 valde
1144 2383 1283 2482 prolicit
1316 2396 1350 2455 et
1384 2382 1541 2480 perlecta
1602 2405 1609 2422 ·

319 2501 486 2572 meretrix
507 2499 642 2571 evadit.
1154 2493 1155 2496 '
1481 2521 1484 2526 ·

368 2613 466 2706 Quid
487 2639 570 2686 vero
586 2639 643 2686 ars
656 2639 722 2686 sua
741 2613 861 2686 valeat
891 2618 1067 2710 imprimis
1087 2639 1168 2686 cum
1190 2613 1388 2686 Melibeam
1409 2629 1539 2710 aggre-

318 2731 414 2802 ditur
440 2727 627 2802 Celestina
647 2730 818 2802 ostendit.
847 2733 919 2803 lles
939 2744 993 2802 est
1011 2734 1110 2802 enim
1136 2734 1258 2827 magni
1276 2730 1449 2802 momenti
1472 2756 1540 2802 nec

319 2846 468 2942 periculi
489 2872 616 2943 expers
636 2880 642 2936 ;
667 2845 828 2919 nobilem
853 2860 887 2919 et
916 2861 1053 2919 castam
1073 2845 1229 2942 puellam
1261 2846 1356 2942 apud
1371 2858 1540 2942 parentes

318 2960 650 3058 ipsosepudicitia
670 2975 828 3034 avertere
866 2961 1053 3034 Celestina
1083 2966 1220 3034 statuit.
1258 2961 1323 3032 Fili
1357 2959 1539 3033 vendendi

319 3101 428 3148 causa
450 3077 598 3149 domum
620 3080 772 3174 virginis
800 3081 909 3152 intrat
936 3090 970 3148 et
999 3075 1114 3148 solam
1136 3075 1334 3148 Melibeam
1357 3075 1513 3148 offendit
1532 3108 1538 3163 ;

318 3189 404 3264 dum
428 3206 514 3290 ante
540 3192 689 3292 virginis
711 3193 838 3264 oculos
876 3217 1032 3264 mercem
1060 3191 1290 3263 vendendam
1317 3195 1478 3288 exponit,
1503 3206 1542 3262 ut

318 3305 387 3380 sibi
409 3305 605 3380 Melibeam
641 3308 812 3382 conciliet
846 3309 890 3382 de
927 3320 1115 3380 senectute
1146 3333 1211 3380 sua
1240 3307 1419 3404 praelatus,
1455 3305 1542 3378 dein

319 3421 550 3494 laudationes
566 3425 601 3493 in
619 3449 699 3494 eam
722 3428 886 3520 congerit
906 3438 941 3495 et
961 3439 1156 3520 postquam
1177 3448 1257 3519 eam
1274 3427 1327 3494 sui
1340 3421 1541 3494 studiosam

318 3533 451 3625 lecerit,
472 3563 511 3609 se
533 3536 649 3633 ipsam
670 3565 755 3636 quae
777 3543 823 3611 sit
838 3539 998 3611 nondum
1029 3543 1204 3634 aperiens
1226 3537 1345 3618 verbis
1374 3541 1542 3610 virtutem

318 3652 620 3726 assimulantibus
640 3668 674 3727 et
691 3655 795 3728 vultu
829 3659 866 3727 in
892 3655 1107 3726 modestiam
1146 3657 1347 3748 composito
1367 3680 1441 3726 non
1462 3657 1543 3726 sine

271 3847 276 3858 ¹
319 3769 537 3866 ambagibus
558 3763 833 3871 pronuntiatse
867 3796 1012 3868 operam
1035 3771 1121 3844 dare
1156 3783 1193 3842 ut
1224 3769 1342 3859 boniS,
1362 3783 1541 3866 quantum

319 3883 510 3980 plurimum
532 3889 658 3981 possit,
679 3911 825 3982 operam
855 3875 943 3958 terat
964 3919 970 3974 ;
993 3911 1031 3957 se
1060 3899 1223 3981 paratam
1244 3910 1385 3980 semper
1399 3910 1478 3957 esse
1504 3898 1543 3980 ut

318 3995 540 4095 temporibus
553 4002 730 4074 bonorum
751 4002 892 4074 adsitet
908 4005 1036 4074 amicis
1057 3999 1307 4073 laborantibus
1327 4014 1513 4073 succurrat
1534 4035 1540 4091 ;

241 4119 242 4122 ’
320 4117 414 4185 inter
433 4120 572 4188 amicos
598 4117 747 4188 tandem
766 4117 959 4189 honestum
991 4117 1186 4214 quemdam
1212 4116 1379 4211 juvenem
1408 4117 1544 4190 habere

319 4234 375 4301 cui
397 4255 502 4325 opem
524 4231 578 4303 vel
603 4231 797 4304 maximam
818 4231 979 4304 Melibea
995 4234 1081 4304 lerre
1102 4231 1225 4328 possit.
1250 4233 1401 4328 Virgine
1421 4247 1543 4304 autem

319 4344 406 4442 quid
440 4344 508 4416 sibi
545 4343 609 4417 illa
641 4347 794 4419 obscura
834 4346 1011 4420 vocabula
1046 4348 1159 4419 velint
1187 4349 1400 4434 demirante‚
1442 4347 1545 4418 addit

320 4457 503 4532 Celestina
517 4451 606 4533 nihil
625 4467 744 4558 magis
763 4463 977 4560 areligione
999 4466 1179 4559 imperari,
1200 4462 1288 4532 nihil
1307 4465 1385 4534 Deo
1405 4469 1545 4550 gratius

318 4600 397 4647 esse
432 4581 592 4672 quamsi
631 4578 676 4650 de
705 4577 787 4652 aliis
825 4579 918 4651 bene
957 4605 1180 4668 mereamur,
1217 4594 1290 4650 tum
1322 4578 1467 4650 demum
1499 4579 1545 4651 de

320 4689 460 4772 Calisto
475 4696 534 4796 agi
546 4693 646 4768 dicit.
665 4693 1238 4792 lndignanteautem'hllelibease
1252 4694 1541 4792 haudquaquam
