3416 5460
690 518 849 583 ..49-

210 665 264 738 lta
282 663 322 738 fit
350 677 388 738 ut
411 667 444 739 C
443 664 557 738 aliato
582 665 755 762 juvenum
783 686 875 759 quos
897 665 1115 736 recentiores
1135 676 1170 737 et
1189 665 1379 740 dramatici

157 797 277 878 poetae
306 805 428 852 amore
455 781 623 853 ardentes
659 805 757 875 saepe
801 780 1010 874 saepiusque
1040 775 1255 855 effinxerunt
1283 781 1382 857 haud

157 901 338 970 immerito
363 901 498 993 primus
518 896 642 968 haberi
663 895 786 992 possit.
829 895 949 986 Quem
983 893 1012 966 si
1048 893 1210 968 humana
1240 922 1382 996 semper

157 1017 377 1086 sentientem
408 1012 549 1085 videbis
580 999 652 1084 non
673 1011 783 1084 semel
819 1027 942 1086 tamen
975 1009 1094 1083 verbis
1120 1025 1156 1084 et
1189 1016 1380 1088 sententiis

157 1141 320 1200 utentem
347 1128 473 1200 audies
491 1154 590 1225 quae,
612 1143 650 1200 ut
667 1132 715 1199 ita
731 1127 866 1216 dicam,
890 1129 1110 1224 Hispaniam
1129 1127 1293 1202 redolent
1312 1155 1380 1204 nec

157 1245 291 1342 quibus
317 1244 409 1342 lupe
437 1246 480 1316 de
515 1246 609 1344 Vaga
640 1244 787 1341 ejusque
821 1243 990 1341 discipuli
1021 1249 1252 1340 repugnaturi
1280 1259 1377 1320 sunt.

157 1362 304 1433 Etenim
341 1359 455 1431 multa
495 1373 594 1446 sunt,
629 1358 715 1432 dum
742 1358 924 1456 loquitur,
963 1385 1047 1457 quae
1076 1386 1095 1431 e
1124 1359 1232 1435 solito
1271 1361 1379 1436 modo

154 1473 277 1572 egredi
299 1487 361 1548 aut
380 1474 650 1572 simplicitatem
684 1475 857 1548 excedere
894 1475 1072 1549 videntur.
1105 1475 1238 1550 Nonne
1264 1499 1379 1576 usque

154 1593 202 1664 ad
223 1595 349 1664 vitium
374 1589 638 1689 grandiloquus
663 1591 788 1666 laudes
808 1617 888 1666 esse
901 1590 977 1688 jure
995 1586 1380 1692 existimabis'quibus

153 1707 353 1781 Melibeam
393 1709 497 1806 quasi
532 1707 638 1780 deam
671 1707 812 1791 extollit
841 1707 942 1805 cujus
972 1707 1024 1780 ori
1050 1707 1142 1780 nihil
1170 1708 1238 1782 nisi
1263 1709 1377 1784 solem

153 1828 271 1921 ipsum
292 1822 444 1898 conferri
458 1847 563 1920 posse
584 1823 760 1920 praedicat
775 1827 791 1896 l
806 1823 1022 1898 Elaboratos
1041 1823 1115 1921 jam
1135 1824 1283 1898 dicendi
1310 1825 1375 1900 cir-

152 1943 271 2014 cuitus
304 1937 453 2013 adhibet
487 1939 620 2036 quibus
651 1939 954 2036 intemperantius
991 1939 1183 2038 indulgere
1208 1967 1375 2040 personae

152 2054 251 2130 illius
280 2081 301 2128 a
325 2056 536 2129 dramaticis
555 2057 671 2151 poetis
692 2084 710 2124 «
727 2055 845 2154 golan
868 2085 887 2126 »
907 2057 1111 2128 nominatae
1131 2061 1312 2155 proprium
1338 2071 1375 2133 et

153 2171 318 2244 naturale
350 2169 448 2268 apud
479 2171 665 2274 Hispanos
685 2195 825 2268 semper
856 2170 1059 2244 habebitur.
1095 2171 1237 2264 calisti,
1273 2173 1373 2248 verbi

150 2290 283 2386 gratia,
319 2285 414 2359 oculi
435 2311 509 2359 non
539 2285 585 2357 ad
606 2286 814 2376 videndum,
847 2285 946 2360 velut
978 2287 1042 2375 tui,
1067 2299 1208 2360 tantum
1229 2314 1371 2364 accom-

152 2401 347 2476 modantur
369 2413 409 2474 ut
432 2405 495 2500 qui
522 2405 626 2500 quasi
655 2400 835 2475 foramina
854 2415 1003 2499 pateant
1024 2401 1211 2500 inquibus
1231 2404 1370 2480 clavem

150 2543 302 2592 somnus
344 2520 518 2608 immittit,
538 2529 577 2590 et
601 2521 760 2615 postium
780 2520 937 2615 quoque,
957 2521 988 2590 si
1013 2518 1100 2591 data
1128 2531 1183 2593 est
1209 2524 1366 2612 occasi0‚

150 2635 273 2709 locum
288 2633 481 2707 obtineant
501 2657 593 2731 quos
607 2632 767 2707 vicissim
787 2633 987 2731 irrumpunt
1016 2633 1200 2733 cupidinis
1220 2635 1371 2711 vulnera

145 2765 184 2826 et
223 2748 396 2824 remedia.
422 2748 617 2836 Infelicem,
652 2749 682 2823 si
723 2749 872 2848 quidem
916 2774 1002 2825 vera
1042 2749 1189 2854 Cadisto
1216 2751 1367 2842 diceret,

143 2865 376 2940 Melibeam!
412 2864 565 2940 Aheneo
602 2878 747 2963 pectore
779 2864 937 2963 praedita
966 2879 1063 2940 esset
1101 2893 1167 2940 nec
1187 2871 1219 2940 ei
1253 2872 1368 2942 virum

145 2986 315 3081 quemvis
335 2985 465 3056 intueri
481 2993 542 3059 aut
562 2985 728 3055 oratione
747 2985 913 3080 prosequi
947 2985 1214 3080 permitteretur
1239 2987 1309 3057 nisi
1329 2997 1370 3058 ut

144 3102 304 3196 sagittas
324 3097 431 3171 simul
453 3096 648 3194 conjiceret
668 3109 702 3169 et
722 3095 851 3194 plagas
872 3095 1064 3197 infligeret.
1090 3099 1183 3172 Haec
1199 3125 1273 3172 non
1292 3112 1366 3172 tam
1483 3171 1484 3174 ,

145 3226 302 3288 venusta
317 3239 427 3313 quam
454 3211 543 3286 lalsa
571 3227 606 3286 et
628 3217 788 3286 sanitate
808 3211 935 3285 orbata
963 3239 1025 3310 per
1046 3227 1160 3288 totam
1186 3215 1367 3314 Europam

145 3333 255 3429 quasi
280 3328 456 3404 sermonis
477 3328 622 3402 morbus
654 3341 812 3424 evagata
839 3340 949 3416 sunt·;
985 3328 1049 3402 sed
1087 3356 1268 3429 nusquam
1296 3333 1366 3405 sibi

145 3450 269 3543 magis
300 3469 410 3544 quam
449 3448 487 3516 in
518 3446 699 3542 Hispania
719 3455 959 3540 praeparatam
993 3431 1123 3546 terram
1156 3458 1193 3519 et
1229 3460 1366 3522 certum
1489 3455 1492 3468 '

141 3560 375 3636 domicilium
402 3571 597 3634 consecuta
625 3545 722 3632 sunt.
1055 3557 1058 3564 ’

199 3677 295 3769 Quae
311 3701 392 3750 cum
414 3676 595 3748 interdum
614 3674 776 3748 Melibea
796 3701 942 3774 quoque
963 3674 1137 3750 adhibeat
1163 3703 1202 3750 se
1222 3675 1365 3774 ejudem

141 3819 190 3866 ac
207 3791 493 3888 calz'stogentis
508 3818 587 3866 esse
606 3804 729 3888 aperte
749 3791 945 3887 profitetur.
970 3791 1096 3887 Longe
1111 3806 1235 3874 tamen
1261 3791 1365 3865 abest

139 3924 186 3984 ut
202 3908 404 4006 simplicem
425 3907 606 3982 sentiendi
637 3907 782 3980 modum
802 3932 901 4004 saepe
920 3906 1211 4005 supergrediatur
1228 3943 1235 3999 ;
1264 3911 1365 4005 inge·

140 4049 260 4102 nuam
279 4036 407 4100 contra
425 4028 480 4100 sui
497 4028 697 4122 imaginem
709 4023 921 4122 plerumque
932 4021 1061 4096 reddit.
1077 4023 1203 4097 Nimia
1215 4023 1367 4098 tortasse

139 4155 181 4218 et
205 4143 384 4240 Hispanae
402 4145 546 4240 propria
571 4144 625 4214 ira
657 4138 869 4212 accenditur
907 4138 992 4212 dum
1032 4139 1231 4214 Celestinae
1257 4140 1366 4214 dictis

139 4259 316 4335 decorem
334 4281 439 4362 suum
458 4256 588 4332 laesum
603 4281 683 4330 esse
701 4266 826 4352 putat3
855 4281 929 4329 uno
955 4267 1098 4329 tanturn
1128 4271 1359 4354 argument0,

141 4375 263 4462 idest
282 4401 329 4450 ne
343 4373 452 4450 verbo
471 4372 619 4472 quidem
635 4371 746 4445 decus
765 4396 870 4446 suum
897 4383 1079 4446 tentatum
1098 4397 1177 4446 esse
1196 4372 1363 4466 fateatur,

141 4492 316 4590 impediri
334 4501 455 4590 potest
477 4493 567 4588 quin
585 4486 746 4570 vetulam¹
777 4491 929 4586 propriis
952 4487 1147 4561 interficiat
1169 4489 1364 4566 manibus,

140 4611 237 4694 Non
269 4634 321 4695 ea
336 4621 405 4698 sest
435 4619 559 4696 tamen
584 4632 684 4706 quae,
701 4679 704 4688 ,
720 4609 886 4704 quamvis
913 4605 986 4702 jam
1017 4617 1126 4693 acuto
1147 4606 1368 4702 praeditasit

139 4709 311 4829 ingenio,
338 4723 536 4800 Celestinae
561 4721 656 4798 fictis
692 4734 729 4800 et
766 4719 964 4795 humilibus
1001 4724 1123 4795 causis
1143 4733 1180 4797 et
1199 4714 1367 4822 precibus
