3416 5460
699 501 856 569 ..39-

159 677 320 740 evocare,
362 653 462 724 vivos
501 665 631 724 terrere
670 662 818 750 potest;
848 649 1072 746 depravandi
1104 663 1228 724 tamen
1265 659 1379 722 artem

160 768 276 865 Dipsa
292 765 421 840 didicit
434 765 648 865 ampliorem
658 779 694 839 et
707 765 961 840 efficaciorem.
981 769 1080 861 Quia
1091 779 1212 841 autem
1225 764 1380 841 Ovidius

160 882 218 957 his
243 881 466 980 temporibus
494 896 680 979 poetarum
705 883 970 972 Romanorum,
1002 895 1154 980 excepto
1200 881 1374 980 Vergilio,

159 1001 371 1072 notissimus
403 1011 491 1088 erat,
525 1022 599 1070 non
634 999 787 1070 Amores
823 1009 964 1070 tanturn
992 997 1108 1098 Rojas
1140 997 1380 1072 attentissime

157 1114 247 1214 legit
269 1147 276 1204 3
317 1128 388 1188 tres
407 1139 554 1213 quoque
575 1113 671 1186 Artis
703 1115 904 1187 Amatoriae
924 1113 1035 1188 libros
1063 1113 1197 1188 evolvit
1229 1140 1376 1188 necnon

158 1245 195 1304 et
231 1229 411 1304 Remedia
445 1231 590 1303 Amoris
622 1242 658 1302 et
691 1228 754 1303 illa
784 1229 1034 1303 Medicamina
1058 1229 1165 1304 faciei
1186 1229 1379 1328 quaelalso

156 1343 312 1418 fortasse
330 1345 491 1443 ejusdem
512 1347 698 1443 scriptoris
715 1349 853 1417 nomini
881 1344 1109 1420 addicuntur.
1129 1345 1318 1440 Quasdam
1334 1371 1379 1419 ex

157 1462 216 1536 his
234 1461 396 1537 lontibus
416 1461 603 1535 Celestina
624 1460 827 1534 medicinas
854 1461 975 1535 hausit
1000 1488 1084 1560 quae
1114 1466 1166 1534 ori
1198 1461 1377 1535 adhibitae

158 1583 313 1652 nitorem
351 1579 521 1652 inducere
554 1593 588 1650 et
621 1581 714 1651 cutis
751 1577 909 1651 colorem
947 1577 1149 1652 exhilarare
1195 1577 1375 1651 dicuntur.

158 1693 270 1789 Quod
307 1698 449 1768 veroin
469 1683 515 1767 ea
548 1717 680 1766 novum
701 1707 737 1766 et
760 1693 921 1766 vividum
949 1707 1099 1792 apparet
1131 1720 1251 1794 neque
1280 1694 1376 1792 apud

156 1813 385 1910 Propertium
402 1835 521 1907 neque
542 1809 636 1907 apud
652 1808 827 1884 Ovidium
848 1809 1102 1906 reperiebatur.
1127 1809 1258 1884 Nullas
1277 1814 1375 1883 enim

154 1926 438 2025 corrumpendas
460 1925 639 1998 Acanthis
658 1937 693 1998 et
714 1925 830 2022 Dipsa
849 1938 992 1998 tentant
1012 1929 1081 1998 nisi
1097 1925 1300 1999 meretrices
1314 1937 1376 2000 aut

152 2042 229 2141 jam
254 2042 391 2117 illicitis
410 2041 596 2115 amoribus
616 2040 762 2113 vitiatas
787 2039 967 2130 mulieres,
992 2040 1125 2114 nedum
1146 2041 1192 2114 ad
1218 2040 1377 2142 nobilem

154 2171 193 2232 et
220 2143 345 2256 puram
364 2156 522 2255 puellam
545 2155 814 2255 depravandam
835 2154 977 2252 aliquid
996 2155 1155 2230 valeant.
1181 2157 1261 2230 Hoc
1285 2169 1377 2230 cete·

154 2277 287 2370 roquin
307 2285 344 2346 et
357 2276 581 2370 praecipuum
602 2271 695 2344 inter
708 2295 771 2344 eas
790 2283 826 2344 et
846 2271 1070 2344 Celestinam
1098 2276 1247 2346 interest
1278 2274 1375 2371 quod

159 2387 237 2462 illae
251 2392 370 2485 turpia
388 2386 486 2461 velut
502 2413 524 2459 a
544 2400 673 2460 natura
698 2391 899 2460 constituta
925 2390 1089 2484 ingenuo
1108 2391 1233 2461 animo
1247 2413 1376 2486 propo·

154 2644 275 2693 mores
293 2631 329 2693 et
347 2619 456 2694 fidem
473 2645 547 2693 non
567 2619 645 2693 sine
661 2619 895 2694 simulatione
911 2623 1050 2710 miscet,
1074 2619 1130 2693 vel
1154 2620 1376 2693 nitidissima

153 2735 238 2810 luce
256 2748 398 2809 exstare
418 2749 528 2833 atque
548 2739 708 2809 eminere
728 2735 880 2810 videtur.

208 2851 353 2945 Quibus
373 2855 476 2949 quasi
508 2855 545 2923 in
573 2851 774 2925 seminibus
795 2877 917 2925 earum
945 2876 1061 2925 rerum
1081 2854 1135 2924 vis
1155 2854 1272 2923 inerat
1291 2876 1375 2948 quae
1471 2942 1476 2950 ⁴

147 2994 198 3050 ex
216 2967 272 3040 his
288 2971 491 3065 progenitae
511 2965 604 3040 adeo
624 2967 721 3065 apud
740 2968 971 3040 Fernandum
995 2988 1156 3040 nostrum
1178 2965 1376 3040 floruerunt

148 3097 190 3174 et
211 3085 432 3182 viguerunt?
452 3083 544 3156 Cum
561 3095 682 3156 autern
708 3083 799 3155 nihil
820 3087 866 3155 sit
888 3087 925 3154 in
946 3109 1020 3181 quo
1039 3107 1160 3180 operae
1180 3083 1375 3179 plurimum

148 3213 310 3297 ponatur
327 3223 437 3297 quam
454 3202 491 3271 in
510 3197 672 3272 Melibea
688 3199 794 3271 malis
820 3200 959 3274 artibus
978 3213 1015 3272 et
1043 3198 1189 3272 callidis
1209 3197 1375 3272 consiliis

150 3313 388 3401 involvenda,
413 3318 566 3412 primam
588 3313 715 3388 harum
735 3315 987 3388 machinarum
1009 3318 1166 3412 speciem
1196 3317 1233 3386 in
1260 3313 1373 3386 latina

149 3443 193 3503 et
214 3433 252 3500 in
278 3428 473 3502 millesimo
493 3429 745 3504 ducentesimo
766 3430 904 3504 saeculo
924 3434 1058 3528 scripta
1074 3429 1257 3504 comoedia
1276 3429 1375 3503 vides
1483 3414 1488 3426 ’

150 3570 242 3643 quae
254 3571 352 3618 nunc
365 3575 382 3612 <‹
397 3543 621 3642 Pamphilus
629 3545 673 3619 de
680 3572 801 3619 amore
814 3572 894 3618 cum.
911 3548 944 3620 C
943 3557 1117 3620 ammento
1127 3543 1370 3648 familiari»,

149 3686 256 3734 nunc
275 3673 311 3734 et
330 3659 449 3756 aptius
469 3689 487 3728 «
511 3663 568 3734 De
601 3662 728 3734 Vetula
752 3692 768 3730 »
799 3661 1019 3737 inscribitur.
1051 3664 1192 3735 Primas
1211 3665 1309 3734 enim
1337 3659 1373 3734 in

147 3803 201 3850 ea
220 3789 338 3873 partes
353 3774 473 3849 vetula
493 3775 569 3873 agit
589 3775 690 3874 cujus
715 3775 853 3848 auxilio
880 3779 1007 3850 Venus
1032 3781 1110 3874 ipsa
1140 3773 1374 3873 Pamphilum

148 3889 206 3966 uti
225 3889 325 3988 jubet
340 3903 378 3963 ut
394 3889 636 3988 pulcherrima
651 3904 685 3964 et
697 3892 879 3964 ditissima
894 3892 1050 3965 Galatea
1071 3905 1106 3964 et
1126 3917 1147 3964 a
1163 3889 1375 3989 parentibus

146 4013 194 4081 in
219 4010 413 4080 intentiore
441 4032 526 4080 cura
554 4019 738 4080 asservata
766 4007 887 4105 juveni
923 4011 961 4079 in
992 4032 1113 4083 amore
1142 4005 1374 4104 respondeat.

145 4125 325 4198 Praemiis
342 4127 495 4221 primum
517 4124 600 4195 lena
622 4133 727 4196 tanto
747 4122 943 4220 majoribus
959 4123 1116 4198 donatur
1141 4136 1279 4221 quanto
1295 4121 1375 4219 plus

143 4237 224 4314 sibi
258 4237 499 4312 laborandum
525 4237 701 4336 praedicat
733 4237 866 4337 quippe
899 4243 957 4312 cui
990 4239 1160 4313 simulata
1188 4237 1375 4335 sponsalia

145 4353 417 4451 impedimento
433 4354 505 4428 sint
524 4387 530 4440 ;
563 4353 684 4450 juveni
701 4369 825 4426 tamen
856 4381 901 4426 ne
930 4381 1030 4451 spem
1046 4354 1153 4428 simul
1174 4369 1209 4426 et
1231 4355 1375 4451 largita·
1399 4411 1402 4420 ,

145 4485 228 4544 tem
262 4472 402 4566 eripiat,
435 4470 607 4544 dilectam
627 4469 939 4542 adolescentulam
967 4471 1071 4543 deco
1099 4495 1241 4568 semper
1275 4474 1373 4568 loqui

145 4583 324 4660 affirmat.
342 4585 419 4659 Nec
435 4590 555 4659 minus
576 4585 770 4683 prudenter
789 4611 870 4658 cum
885 4585 1040 4660 Galatea
1051 4612 1125 4660 rem
1143 4586 1265 4660 vetula
1281 4589 1375 4682 gerit

147 4725 267 4801 quam
279 4701 411 4800 puella,
424 4717 614 4800 postquam
631 4727 711 4774 earn
724 4702 932 4776 iracundius
945 4707 1091 4802 respuit,
1107 4706 1210 4802 quasi
1226 4717 1373 4775 matrem
