3388 5458
707 591 748 604 -
771 571 886 637 ῃ).

175 715 233 807 lit,
258 717 370 792 altera
397 741 480 791 vero
500 717 648 791 eosdem
677 721 792 790 nimia
817 720 1061 790 ministrorum
1093 716 1296 790 imitatione
1321 715 1404 789 ridi-

174 833 281 907 culos
299 833 414 908 laetos
441 833 586 908 irridere
613 834 765 908 videtur.
790 835 889 930 Quid
911 833 1069 932 denique
1091 833 1136 906 de
1157 832 1404 908 meretricibus
1447 925 1450 938 y

174 949 296 1022 Elicia
316 963 352 1023 et
373 951 512 1023 Areusa
543 949 661 1023 dicam
693 977 777 1048 quae
798 949 872 1022 alio
896 953 1044 1022 nomine
1064 961 1200 1022 vocatae
1229 947 1336 1022 nobis
1365 918 1449 1024 in*l

175 1069 422 1161 posteriorum
443 1065 633 1138 comoediis
653 1081 838 1162 poetarum
856 1079 1058 1154 occurrunt,
1082 1077 1121 1137 ut
1136 1077 1200 1153 est,
1234 1067 1263 1138 si
1284 1089 1402 1138 exem·

173 1179 240 1278 plo
255 1206 345 1278 opus
364 1193 428 1270 est,
464 1182 595 1255 Fenisa
613 1181 669 1256 vel
691 1181 851 1256 Gerarda
872 1189 938 1279 (ι),
962 1207 1114 1280 quaeque
1133 1193 1173 1254 ut
1191 1185 1401 1280 exquisitio·

173 1295 276 1369 ribus
292 1299 342 1370 ita
362 1296 466 1370 valde
486 1323 508 1370 a
537 1311 665 1370 natura
689 1296 942 1375 recedentibus
972 1297 1090 1371 verbis
1110 1296 1157 1370 ab
1177 1295 1400 1371 amatoribus

172 1410 251 1484 suis
271 1412 471 1486 coluntur?

227 1528 304 1600 Has
334 1528 464 1602 saltem
499 1555 672 1625 personas
705 1555 789 1626 quae
824 1533 862 1601 in
888 1529 1029 1601 theatro
1049 1527 1246 1625 plebeculae
1278 1539 1398 1626 partes

169 1643 341 1716 obtinent
375 1649 583 1717 imitatione
612 1649 747 1743 saepius
780 1657 1019 1742 assequentur
1046 1655 1081 1716 et
1103 1649 1206 1742 quasi
1227 1647 1282 1717 sui
1309 1643 1396 1740 juris

168 1758 309 1832 facient
328 1774 494 1833 auctores
515 1761 565 1831 illi
588 1765 648 1858 qui
670 1763 853 1856 copiosius
881 1785 936 1832 res
956 1759 1146 1833 hominum
1162 1763 1261 1833 tenui
1283 1785 1395 1832 censu

166 1872 227 1946 vel
249 1901 267 1946 e
288 1876 408 1948 media
441 1871 546 1948 turba
580 1880 831 1949 arcessitorum
867 1876 1131 1949 diversissimas
1159 1875 1278 1949 soluta
1315 1891 1403 1948 ora·'

165 1992 270 2062 tione
290 2007 460 2065 enarrant
479 2026 486 2084 ;
509 1993 573 2066 sed
593 1993 677 2066 ideo
696 1995 787 2092 Lope
820 2007 854 2066 et
890 1993 966 2090 ejus
994 1993 1162 2092 discipuli
1194 1997 1392 2066 anteriores

165 2117 296 2200 poetas
322 2121 494 2202 superant
514 2108 612 2206 quod
634 2135 708 2181 non
728 2107 844 2182 solum
875 2107 1001 2181 humili
1024 2108 1107 2181 loco
1137 2121 1243 2180 natos
1264 2107 1390 2206 depin-

163 2232 311 2308 xerunt,
333 2219 397 2292 sed
428 2225 538 2294 etiarn
576 2223 713 2297 eisdem
744 2250 785 2295 ac
819 2225 1015 2296 Fernando
1042 2225 1085 2295 de
1114 2223 1227 2320 Rojas
1256 2227 1386 2314 nervis,

162 2345 209 2407 ut
224 2337 272 2408 ita
294 2335 426 2427 dicam,
449 2351 484 2410 et
509 2339 652 2413 lacertis
678 2343 771 2413 vires
804 2339 935 2412 fabulis
969 2343 1043 2413 suis
1076 2339 1252 2413 dederunt
1281 2366 1383 2438 quaS,

162 2449 255 2523 dum
282 2452 475 2550 aequalium
511 2455 671 2530 moribus
709 2455 912 2528 imitatione
941 2455 1137 2528 referendis
1174 2453 1384 2544 inserviunt,

162 2565 486 2642 validiores'etiam
507 2585 542 2643 et
568 2571 729 2668 pluribus
761 2571 868 2644 rebus
900 2570 1145 2670 exprimendis
1173 2573 1387 2644 exercitatas

158 2682 481 2759 confirmaverunt.
506 2689 603 2760 lnter
628 2691 726 2760 enim
760 2713 918 2760 amorem
953 2687 1145 2760 colendum
1179 2698 1215 2758 et
1251 2685 1385 2758 lamam

156 2797 428 2872 defendendam
449 2822 591 2899 tempus
611 2817 730 2877 terunt
758 2829 921 2901 personae
941 2808 1015 2877 sive
1044 2828 1127 2901 quae
1147 2805 1383 2898 posteriorum

155 2927 348 3011 poetarum
366 2915 511 3002 tabulis,
530 2924 608 2992 sive
629 2946 713 3016 quae
728 2919 1038 3019 Tragicomoediae
1050 2919 1095 2992 de
1109 2921 1142 2992 C
1143 2917 1256 2989 aliato
1260 2943 1291 3017 y
1306 2919 1383 2990 Me-

157 3030 255 3102 lz'dea
275 3033 464 3107 intersunt.
489 3037 622 3108 Nonne
652 3064 696 3109 ex
717 3063 839 3109 amore
859 3035 1036 3131 originem
1053 3033 1192 3108 ducunt
1207 3047 1242 3106 et
1258 3033 1381 3106 callidi

156 3145 236 3218 doli
256 3160 290 3220 et
312 3148 461 3222 subtilia
486 3177 661 3246 responsa
693 3152 824 3249 quibus
855 3150 975 3224 Belisa
1004 3149 1209 3223 Teodoram
1230 3152 1380 3222 amitam
1421 3169 1424 3176 ’

156 3264 338 3337 custodiae
368 3290 441 3337 suae
465 3265 625 3338 deditam
657 3267 896 3362 decipitllal
937 3266 1129 3364 Quidquid
1163 3265 1289 3336 dicunt
1323 3265 1380 3337 vel

152 3382 332 3468 sentiunt,
352 3379 530 3477 quidquid
545 3386 674 3455 timent
694 3383 748 3455 vel
771 3395 916 3479 sperant
935 3383 1098 3455 leonora
1113 3393 1149 3454 et
1166 3380 1305 3453 Blanca
1327 3383 1380 3477 (3)

152 3520 202 3566 ex
232 3494 359 3566 eodem
390 3495 488 3568 fonte
509 3501 645 3586 oritur;
669 3523 779 3585 amor,
804 3511 841 3570 ut
862 3501 956 3570 inter
980 3498 1147 3570 Vestales
1176 3495 1374 3592 confugiat,

150 3607 300 3683 stellam
322 3610 422 3682 illam
444 3611 674 3685 Sevillanam
698 3617 750 3710 (4)
780 3614 942 3686 hortatur
960 3627 995 3686 et
1015 3612 1196 3686 ducissam
1225 3613 1269 3683 de
1289 3613 1379 3684 Fer·

149 3751 245 3798 rara
261 3731 315 3819 (5)
332 3738 378 3797 ad
395 3726 512 3799 scelus
532 3741 565 3800 et
587 3727 631 3799 ad
652 3741 802 3800 mortem
821 3728 975 3826 impellit
994 3763 1000 3819 ;
1019 3753 1141 3800 amore
1161 3726 1379 3798 adhortante

149 3840 299 3914 lascivit
328 3841 426 3916 dona
462 3845 605 3940 Angela
642 3847 707 3940 (6),
751 3851 786 3916 in
807 3870 943 3918 errores
975 3843 1153 3917 sollicitos
1190 3841 1380 3915 deducitur

146 3956 287 4030 Lz'sz'du
302 3961 351 4054 (7)
370 3993 375 4048 ;
391 3959 583 4032 dulcedine
597 3963 743 4034 tandem
761 3965 893 4034 amoris
904 3964 1044 4056 capitur
1055 3960 1171 4034 Clara
1189 3959 1308 4031 Molee
1324 3959 1377 4054 (8)

147 4087 255 4146 casta
276 4075 383 4147 simul
404 4093 438 4148 et
467 4103 608 4150 amans,
641 4077 763 4149 Amori
785 4091 904 4150 autem
926 4080 1030 4176 quasi
1050 4076 1178 4148 obvius
1201 4075 1239 4147 fit
1260 4074 1377 4146 honos

185 4258 221 4318 (ι)
240 4257 274 4307 Cl
288 4261 349 4320 Lupe
360 4262 391 4308 de
408 4262 493 4322 Vaga:
510 4263 542 4308 El
552 4263 665 4310 Anauelo
674 4265 706 4310 cle
720 4265 814 4312 Ferrisa
826 4272 850 4311 et
863 4265 900 4310 La
915 4264 1031 4312 Discreta
1046 4262 1213 4310 Euamorada.

185 4339 222 4399 (2)
242 4341 301 4399 Lopc
312 4341 344 4386 de
362 4341 429 4401 Vegu
446 4357 452 4391 :
468 4343 501 4388 El
519 4344 595 4388 Acen)
609 4344 766 4390 deMndrid.
1262 4349 1265 4356 '

184 4424 219 4478 (3)
239 4421 301 4479 Lope
314 4421 346 4467 de
362 4422 428 4482 Vaga
444 4444 451 4468 :
468 4425 500 4470 La
516 4425 625 4470 nrtrr'tana
641 4424 730 4470 deSuu
743 4423 828 4483 Junn.

185 4500 219 4561 (4)
238 4500 299 4560 Lupe
310 4501 342 4547 de
359 4501 426 4562 Vega
441 4524 449 4549 .·
462 4504 496 4550 La
510 4503 620 4550 Estrelln
637 4505 669 4551 de
683 4504 788 4555 Smilla.

183 4579 222 4642 (5)
239 4580 298 4640 Lupe
311 4581 342 4626 de
361 4582 426 4640 Vegu
447 4583 500 4632 :El
514 4584 622 4642 Castigo
636 4584 677 4629 sin
697 4585 839 4642 Verrgunsn.

183 4659 219 4723 (6)
238 4661 363 4708 calderon
380 4682 387 4707 :
403 4664 436 4710 Lu
452 4663 526 4709 dunza
543 4664 650 4710 cluendo.

181 4741 219 4800 (7)
235 4740 358 4787 Calderon
370 4763 376 4787 :
390 4743 424 4789 Lu
436 4743 522 4788 banda
533 4760 552 4803 y
567 4743 591 4789 lu
605 4745 665 4804 flor.

179 4819 216 4881 (8)
235 4819 360 4868 Calderon
375 4841 387 4890 :¹
398 4823 478 4890 Amr
491 4823 594 4884 despuas
606 4823 637 4872 de
649 4823 673 4870 ln
694 4827 799 4872 nruerte.
