3388 5458
873 455 1032 519 -56-

339 618 553 694 offensionis
573 615 682 688 habet
708 615 754 688 ad
777 641 904 688 omnes
935 642 1106 714 personas
1133 617 1344 690 invisendas
1362 643 1424 716 per
1443 631 1557 691 totam

339 734 464 810 urbem
477 729 480 740 '
494 737 631 830 vagari.
666 733 721 805 Ne
741 730 844 828 plura
864 732 994 817 dicam,
1021 732 1236 805 duodecimo
1256 738 1352 806 actui
1376 760 1450 807 non
1472 751 1556 808 ante

337 851 448 924 finem
469 848 583 946 Rojas
603 863 724 920 noster
745 851 900 943 imponit
929 873 1037 943 quam
1061 873 1127 921 nos
1149 848 1194 920 ad
1211 849 1379 922 Melibeae
1401 867 1555 946 portam,

337 970 376 1039 in
403 965 560 1039 Pleberii
588 963 809 1050 cubiculum,
838 967 876 1034 in
903 963 1030 1035 Calisti
1061 963 1287 1048 cenaculum,
1323 991 1390 1036 nec
1420 991 1492 1037 non
1519 964 1555 1037 in

337 1081 532 1156 Celestinae
564 1081 712 1154 domum
751 1082 911 1150 vicissim
957 1077 1119 1150 deduxit.
1161 1080 1293 1152 Nonne
1329 1085 1484 1176 scriptor
1518 1086 1555 1154 in

334 1195 562 1270 fastidiosam
617 1221 731 1269 rerum
776 1195 989 1266 tenuitatem
1048 1193 1236 1266 descendit
1279 1194 1338 1290 qui
1382 1221 1556 1292 personas

334 1337 418 1386 suas
450 1313 653 1412 relinquere
681 1329 790 1408 negat
825 1314 913 1406 quin
943 1335 1005 1382 eas
1034 1313 1069 1380 in
1106 1309 1200 1380 lecto
1230 1327 1367 1382 attente
1397 1314 1553 1385 colloca·

332 1428 422 1504 verit
438 1431 456 1503 l

379 1599 576 1674 Celestz'nae
594 1613 718 1672 tamen
738 1596 862 1670 labula
881 1597 992 1692 longe
1011 1611 1064 1668 est
1087 1611 1124 1668 ut
1150 1622 1290 1692 semper
1320 1597 1426 1670 nobis
1455 1613 1551 1673 stare

333 1717 519 1808 videatur;
548 1741 642 1813 saepe
657 1727 785 1787 contra
804 1739 848 1786 ea
867 1739 947 1810 quae
964 1712 1130 1811 longiora
1160 1713 1380 1806 putabantur
1396 1715 1500 1788 utilia
1519 1732 1553 1790 et

332 1834 513 1910 interdum
535 1834 741 1906 necessaria
766 1843 894 1926 postea
918 1843 1093 1926 apparent
1113 1845 1148 1900 et
1169 1833 1206 1898 in
1227 1830 1333 1900 rebus
1353 1830 1552 1927 explanan-

330 1951 386 2024 dis
401 1950 499 2024 haud
513 1953 612 2048 parvi
633 1947 726 2020 fiunt
742 1950 925 2042 ponderis,
945 1946 1153 2018 levissimis
1166 1947 1262 2014 enim
1286 1971 1329 2016 ex
1348 1947 1552 2021 rationibus

330 2064 521 2140 humilium
536 2085 769 2161 personarum
783 2059 839 2134 vel
855 2059 1069 2156 gravissima
1086 2058 1179 2130 lacta
1196 2059 1372 2154 originem
1386 2062 1548 2134 trahunt.

328 2185 500 2258 Tantane
540 2179 728 2254 Celestina
772 2175 1086 2249 verisimilitudine
1124 2177 1349 2248 occideretur
1385 2180 1414 2248 si
1452 2182 1552 2275 prius

328 2302 579 2373 avarissimam
599 2293 757 2367 vetulam
779 2309 814 2364 et
833 2292 1084 2364 avidissimum
1110 2292 1375 2365 Parmenonem
1398 2297 1492 2366 inter
1512 2320 1550 2368 se

327 2428 527 2512 strepentes
563 2436 636 2484 non
679 2408 943 2482 audissemus?
975 2409 1040 2480 Sic
1069 2405 1181 2480 multa
1215 2434 1293 2503 quae
1327 2434 1551 2505 supervacua

254 2547 257 2554 '
327 2531 430 2604 dicas
467 2528 513 2601 ad
545 2541 708 2625 posteros
738 2550 844 2597 casus
874 2523 1073 2619 legentium
1121 2526 1263 2594 animos
1302 2543 1547 2621 comparant;

327 2646 442 2720 multa
470 2669 617 2743 quoque
644 2641 728 2714 laxo
754 2640 851 2713 nodo
880 2638 1010 2711 labulae
1040 2637 1315 2736 adstringuntur
1339 2667 1418 2738 quae
1439 2641 1548 2738 pluri-

327 2786 424 2835 mum
445 2761 491 2833 ad
512 2782 747 2857 personarum
767 2755 988 2828 mutationes
1008 2753 1247 2850 explicandas
1266 2755 1402 2829 valent.
1428 2757 1545 2850 Quid,

326 2878 424 2952 verbi
443 2881 576 2975 gratia,
597 2873 762 2948 inutilius
775 2871 882 2946 simul
899 2891 934 2943 et
954 2871 1116 2944 lestivius
1130 2869 1286 2942 Pleberii
1315 2885 1350 2942 et
1377 2873 1550 2946 Melibeae

298 3081 301 3088 .
326 3007 504 3069 nocturno
523 3014 690 3065 sermone
705 2988 899 3062 videatur?
929 2985 1105 3058 Attamen
1135 3011 1218 3082 quae
1248 3013 1366 3084 pauca
1386 3002 1492 3085 pater
1511 3005 1548 3064 et

324 3111 402 3184 filia
421 3113 514 3182 inter
529 3134 567 3181 se
583 3107 789 3204 loquuntur,
815 3107 947 3176 anxius
966 3101 1026 3174 ille
1045 3115 1080 3174 et
1100 3101 1156 3174 vel
1180 3102 1332 3175 minimo
1361 3129 1454 3176 sono
1474 3107 1549 3180 sol·

324 3227 457 3314 licitus,
487 3225 564 3296 baec
591 3247 676 3295 vero
716 3220 790 3317 jam
824 3217 1055 3290 mendaciolo
1083 3221 1134 3290 uti
1165 3231 1306 3307 coacta,
1342 3245 1467 3293 nonne
1504 3248 1550 3294 ea

321 3343 452 3442 puellae
488 3341 668 3414 lunestum
707 3359 868 3409 amorem
895 3348 930 3405 et
960 3337 1120 3429 parentis
1158 3357 1336 3406 summam
1369 3339 1546 3430 pietatem

321 3459 490 3557 praeclare
509 3453 750 3551 significant?
783 3450 875 3543 Quae
904 3475 977 3548 quo
1009 3447 1121 3520 fiebili
1149 3448 1258 3522 modo
1291 3474 1357 3521 nos
1385 3449 1549 3524 afficient

321 3601 402 3648 cum
427 3587 512 3647 ante
546 3571 743 3642 laceratum
772 3579 808 3639 et
836 3568 1004 3638 exanime
1026 3561 1192 3636 Melibeae
1212 3589 1342 3660 corpus
1375 3568 1548 3662 querelas

319 3688 489 3767 Pleberio
507 3685 669 3761 effundet
684 3685 690 3756 l

367 3871 491 3967 Magis
511 3865 720 3960 ceteroquin
741 3861 893 3936 inoitato
910 3871 1010 3932 motu
1031 3857 1229 3932 Celestz'noe
1247 3858 1371 3932 labula
1399 3885 1549 3963 progre-

317 3985 488 4058 diebatur
518 4005 600 4053 cum
639 4003 683 4049 ex
721 3975 905 4048 sexdecim
962 3973 1105 4046 actibus
1143 3973 1348 4046 constabat.
1390 3975 1548 4050 Nullum

317 4100 488 4200 equidem
512 4095 716 4169 editionum
740 4117 820 4188 quae
840 4115 939 4162 anno
954 4089 1363 4163 MCCCCLXXXXlX
1385 4103 1549 4182 etanno

315 4217 392 4291 MD
407 4215 562 4312 vulgatae
585 4225 669 4284 sunt
684 4212 759 4280 sive
779 4210 818 4277 in
835 4207 1028 4301 Hispania,
1058 4205 1132 4278 sive
1152 4209 1190 4279 in
1210 4206 1334 4280 Gallia
1354 4209 1550 4306 exemplar

315 4335 467 4430 reperire
492 4331 612 4427 potui3
649 4323 782 4396 multas
801 4345 885 4394 vero
906 4324 1071 4394 civitates
1090 4334 1284 4419 postquam
1300 4321 1430 4396 trustra
1447 4349 1549 4399 scru-

314 4462 411 4522 tatus
444 4471 534 4536 sum,
559 4447 598 4516 in
632 4439 780 4539 publica
817 4436 964 4510 tandem
1003 4450 1038 4510 et
1076 4437 1273 4511 Parisiensi
1312 4438 1548 4517 bibliotheca

313 4564 484 4639 volumen
537 4555 744 4634 «Comedz‘a'
780 4557 824 4627 de
857 4552 1003 4626 Cala'sto
1029 4579 1060 4652 y
1084 4552 1242 4626 Melibea
1260 4584 1277 4624 »
1324 4554 1547 4654 inscriptum

312 4681 438 4756 inveni
465 4676 563 4778 quod
591 4700 689 4750 anno
718 4671 812 4746 MDl
848 4667 994 4741 Sevillae
1031 4668 1246 4743 aMartino
1273 4670 1409 4744 Polono
1443 4680 1548 4775 typis
