3388 5458
662 475 820 554 -57..

58 659 61 666 ’
135 614 344 714 mandatum
382 653 436 712 est
469 650 504 710 et
546 638 593 710 ab
625 632 759 710 Aleum
802 638 844 708 de
875 638 1020 708 Proazu
1050 649 1248 710 correctum
1288 639 1351 735 (1).

134 755 326 828 Sexdecim
358 768 511 842 tantum,
559 758 651 826 sicut
682 757 881 825 anteriores
921 751 1113 842 editiones
1136 777 1181 823 ex
1215 749 1356 824 actibus

135 871 315 944 conflatur
329 884 366 944 ut
387 873 509 967 inquo
530 883 632 941 actus
649 874 709 965 qui
733 874 768 939 in
785 869 948 940 editione
962 893 1060 938 anno
1080 867 1193 939 MDII
1214 864 1358 962 prolata

137 987 215 1073 XV,
238 989 335 1072 XVI,
361 987 466 1058 XVII
483 1001 517 1056 et
538 987 659 1057 XVIII
679 999 912 1056 numerantur
926 981 1057 1069 desint,
1074 999 1221 1078 quartus
1236 995 1356 1054 autem

139 1103 338 1174 decimusa
367 1089 483 1198 prima
513 1117 615 1184 actus
644 1115 743 1196 parte
774 1103 835 1198 qui
870 1113 996 1195 postea
1021 1118 1169 1196 quartus
1195 1098 1358 1171 decimus

140 1219 254 1290 dictus
275 1232 328 1290 est
350 1223 385 1288 in
407 1219 570 1289 ultimam
592 1231 695 1289 actus
711 1231 847 1313 partem
866 1219 938 1313 qui,
959 1231 1151 1312 postquam
1170 1212 1358 1288 Celertina

141 1334 371 1406 novissimam
412 1332 721 1416 induit‘Iormam
751 1356 899 1403 numero
920 1354 986 1403 xix
1006 1334 1173 1427 signatus
1207 1343 1261 1403 est
1281 1355 1358 1428 pro·

139 1455 235 1522 tinus
268 1461 485 1535 transcurrat
525 1451 594 1536 (2).
634 1453 746 1545 Atqui
786 1459 888 1519 actus
922 1450 984 1544 qui
1020 1449 1057 1517 in
1095 1444 1358 1519 recentioribus

140 1564 363 1638 editionibus
379 1566 459 1648 XV,
485 1565 570 1636 XVI
592 1579 626 1634 et
647 1565 751 1636 XVII
776 1574 950 1635 notantur
975 1588 1081 1635 casus
1100 1577 1136 1634 et
1169 1561 1360 1634 varietates

140 1696 223 1754 ante
248 1685 374 1753 oculos
395 1693 599 1775 proponunt
620 1679 750 1776 quibus
767 1682 915 1774 segnior
933 1677 972 1751 fit
993 1690 1029 1750 et
1048 1677 1257 1774 languidior
1271 1678 1359 1754 Tra·

140 1795 369 1890 gicomoediae
396 1809 534 1866 ‘nostrae
565 1799 730 1891 impetus.
769 1795 902 1866 Parum
930 1797 1029 1865 enirn
1063 1805 1202 1866 attento
1236 1795 1361 1865 animo

88 1901 90 1908 ’
144 1909 296 1981 Eliciam
318 1925 352 1980 et
374 1911 548 1982 Ateusam
571 1913 771 2006 excipimus
792 1935 882 2006 quae,
902 1913 1033 1982 occisis
1054 1908 1240 1982 Celestina
1257 1908 1359 1982 Sem·

141 2028 340 2122 pronioquc
356 2039 391 2097 et
411 2027 651 2113 Parmenone,
677 2030 874 2097 immeritas
895 2051 1022 2121 poenas
1037 2051 1060 2098 a
1073 2024 1212 2098 Calisto
1240 2038 1361 2122 petere

142 2145 178 2212 in
200 2140 322 2213 animo
343 2141 490 2214 babent.
515 2143 715 2239 Postquam
737 2140 853 2214 Sosiae
894 2141 1192 2214 Arcusadomini
1227 2166 1361 2213 arcana

144 2257 267 2329 elicuit
282 2271 321 2330 ut
339 2259 551 2331 t'enturioni
569 2257 767 2330 ulciscendi
783 2269 925 2353 tempus
945 2256 1166 2353 designaret,
1183 2255 1271 2355 quid
1284 2269 1360 2329 tum

144 2373 262 2445 inde?
285 2375 396 2446 Traso
415 2387 556 2446 tantum
579 2374 768 2446 intervenit
788 2371 859 2471 qui,
885 2399 906 2444 a
926 2372 1148 2446 Centurione
1168 2373 1357 2463 adductuS,

143 2501 230 2559 ante
258 2488 426 2561 IVIeIibea
456 2489 595 2562 hortum
627 2489 768 2561 turbam
802 2487 887 2562 Iacit
907 2502 942 2560 et
962 2487 1151 2561 confestim
1183 2486 1355 2560 discedit.

144 2603 264 2675 InutiIi
303 2604 364 2675 iIIa
398 2629 565 2701 persona,
597 2629 705 2702 quam
754 2619 910 2678 ceterum
945 2603 1140 2700 proiectam
1171 2629 1249 2677 esse
1279 2629 1362 2676 mox

145 2718 297 2790 Trz'stan
327 2725 483 2802 nuntiat.
522 2721 612 2792 niIiiI
641 2718 783 2792 Calisto
803 2745 892 2816 opus
912 2739 966 2792 est
1003 2735 1041 2792 ut
1074 2721 1227 2794 obscura
1256 2733 1363 2792 nocte

142 2834 315 2931 deceptus
332 2835 449 2906 scalas
484 2863 556 2908 non
578 2836 699 2908 videat
719 2849 754 2907 et
786 2835 864 2908 solo
885 2849 993 2932 caput
1023 2840 1216 2932 impingat.
1240 2835 1363 2931 Magis

141 2954 253 3020 etiam
281 2949 357 3020 haec
373 2976 594 3045 supervacua
615 2964 698 3022 sunt
719 2976 809 3045 quae,
830 2955 1027 3046 incipiente
1048 2955 1085 3022 in
1106 2947 1364 3047 posterioribus

141 3065 365 3138 editionibus
386 3070 557 3138 vicesimo
590 3083 684 3153 actu,
709 3067 742 3137 T
746 3067 867 3138 ristnni
899 3065 1006 3140 Sotira
1036 3081 1181 3153 narrat,·
1193 3070 1280 3164 quia
1308 3059 1364 3139 res

143 3185 179 3252 in
203 3185 360 3277 septimo
385 3181 525 3252 decimo
557 3197 639 3254 actu
657 3181 729 3278 jam
752 3195 851 3254 actas
868 3197 1033 3280 repetunt
1053 3199 1088 3255 et
1117 3195 1361 3280 corrumpunt.

143 3299 221 3370 Nos
239 3295 367 3368 melius
387 3295 500 3389 Rojar
516 3311 550 3368 et
579 3295 808 3372 verisimilius
842 3311 1008 3394 equarto
1035 3298 1177 3370 decimo
1211 3312 1293 3372 actu
1327 3303 1380 3369 in'

142 3426 371 3510 sequentem,
390 3411 425 3482 id
439 3426 492 3484 est
507 3417 542 3484 in
557 3413 723 3486 ultimam
739 3411 835 3486 iIIius
846 3427 984 3509 partem
1006 3418 1065 3512 qui
1082 3427 1366 3511 posteauumero
1391 3481 1398 3497 ,

142 3551 211 3600 xix
233 3541 381 3600 notatus
401 3542 468 3615 est,
485 3528 637 3624 primum
654 3527 878 3601 traducebat.

192 3644 234 3716 Si
255 3643 402 3741 quidem
420 3669 474 3714 res
495 3644 630 3715 tardius
657 3662 690 3716 et
712 3643 874 3739 Irigidius
891 3647 928 3715 in
949 3645 1204 3741 posterioribus
1238 3646 1366 3719 editio-

143 3761 256 3831 nibus
281 3771 448 3854 aguntur,
470 3758 540 3830 duo
561 3758 688 3831 saltem
725 3785 842 3831 scena
871 3764 1068 3832 maximam
1097 3777 1369 3860 consequuntur

139 3880 302 3972 gratiam
325 3899 475 3970 quatum
493 3875 605 3946 aItera
626 3901 797 3972 magnam
828 3879 991 3959 vicesimi
1016 3876 1128 3950 Actus
1145 3894 1281 3974 partem
1303 3883 1367 3950 im-

170 4063 209 4124 (1)
226 4058 377 4108 Voluminis
392 4059 458 4108 illius
482 4043 564 4109 Ioniia
579 4060 640 4122 in-40
656 4061 754 4122 dicitnr,
773 4061 911 4110 litterarum
927 4069 995 4110 notre
1012 4064 1122 4126 gothicae
1145 4073 1329 4128 nuncupantur,
1346 4073 1371 4114 et

140 4140 228 4189 titulus
245 4139 284 4188 sic
297 4138 458 4188 inscribitur:
474 4155 487 4187 n
504 4142 620 4188 Comedicr
635 4143 666 4188 de
682 4143 779 4189 Culisto
790 4160 810 4202 y
827 4143 935 4189 Melibeci
956 4159 998 4188 con
1021 4159 1066 4190 sus
1090 4150 1256 4204 orgarinenlus
1279 4162 1371 4193 nuova-

140 4227 226 4271 mente
240 4221 371 4268 anadidos
389 4222 413 4267 la
423 4222 485 4281 qual
500 4223 612 4268 contiene
635 4223 720 4270 demus
735 4224 765 4270 de
788 4239 819 4269 sir
830 4223 970 4282 ngrudable
979 4240 997 4284 Ιν
1014 4224 1089 4271 dulce
1102 4225 1176 4272 estilo
1190 4226 1295 4273 mitellas
1317 4243 1372 4275 sen·

142 4304 242 4351 rencias
259 4301 417 4362 filosofales:
430 4318 449 4362 y
463 4303 545 4348 avr'sos
556 4319 614 4363 muy
630 4305 779 4350 necessarios
787 4309 849 4362 paru
862 4303 1002 4351 nmncebos:
1017 4307 1197 4353 nmstrmrdoles
1211 4307 1247 4354 los
1259 4313 1373 4369 errgm‘ios

141 4400 190 4444 que
205 4387 285 4430 estun
303 4382 451 4429 encerrndos
469 4382 646 4428 inservientes
659 4399 678 4443 y
692 4382 842 4428 arcarzuetas
856 4397 876 4430 ».

171 4465 207 4526 (2)
228 4462 273 4511 Ne
291 4477 380 4525 paruas
394 4461 529 4508 varietates
547 4475 658 4522 euntem,
685 4468 820 4525 postquam
844 4462 868 4510 in
885 4461 995 4511 editi0ne
1020 4479 1088 4512 anno
1112 4463 1176 4511 MDI
1195 4465 1294 4529 prolata
1317 4467 1373 4515 hacc

142 4544 269 4593 Lucrecia
286 4540 350 4588 deit
367 4540 462 4592 verba:
479 4557 493 4588 «
511 4543 558 4602 No,
571 4543 667 4602 serior»,
684 4559 732 4602 que
754 4544 907 4590 durmiendo
927 4544 957 4590 Ire
972 4545 1057 4590 ostada
1073 4561 1094 4604 i),
1110 4543 1147 4592 sic
1162 4545 1253 4594 eadem
1269 4548 1373 4612 pergit:

140 4623 296 4680 «Escucha,
314 4622 425 4678 escucIra,
443 4638 511 4681 gran
537 4622 587 4682 mal
613 4638 638 4668 es
662 4627 741 4670 este»
764 4621 827 4684 Quae
853 4622 992 4672 novissima
1010 4623 1088 4672 verba
1105 4625 1172 4672 circa
1200 4627 1372 4682 decedentem

140 4704 298 4756 vicesimum
320 4701 414 4750 Actum
429 4699 455 4748 in
466 4699 645 4765 posterioribus
661 4699 815 4750 editionibus
831 4701 957 4767 leguntur.
