3416 5460
739 477 894 542 ψ-

200 625 399 723 proverbiis
427 637 463 698 et
492 623 635 697 tabellis
669 625 865 698 illustratur
898 635 936 698 ut
970 623 1017 696 ad
1051 622 1249 698 Celestz'noe
1279 611 1424 695 dicendi

199 767 319 839 genus
338 741 611 838 explanandum
641 755 676 812 et
715 743 819 839 quasi
844 741 891 812 ad
912 739 1047 814 iontem
1083 738 1329 812 reducendum
1348 739 1424 836 plu·

200 861 331 930 rimum
361 856 494 929 valeat.

252 971 309 1044 Ad
326 971 489 1044 libellum
518 997 662 1069 quoque
679 976 740 1070 qui
771 971 882 1069 vulgo
905 1001 922 1040 ‹<
939 973 997 1044 El
1014 972 1195 1068 Cornacho
1212 1000 1229 1040 »
1253 971 1304 1065 (1)
1335 994 1424 1040 nun·

201 1100 354 1184 cupatur
368 1101 403 1160 et
423 1113 444 1158 a
466 1089 501 1160 F
504 1087 599 1158 z'leno
613 1092 649 1158 in
671 1087 851 1186 Johannis
863 1090 925 1161 del
941 1091 978 1161 E
980 1087 1089 1160 rrcz'na
1106 1085 1243 1183 Ecloga
1257 1084 1426 1157 laudatur

203 1221 239 1277 te
265 1205 414 1276 tortasse
430 1229 597 1276 revocare
615 1229 762 1276 necesse
783 1221 888 1292 esset,
904 1209 933 1276 si
955 1208 1079 1277 omnia
1096 1229 1180 1300 quae
1196 1201 1292 1298 apud
1309 1199 1424 1298 Rojas

202 1335 365 1393 nostrum
394 1320 440 1391 ad
471 1319 715 1418 eloquendum
738 1321 905 1395 nonnihil
929 1325 1101 1393 momenti
1131 1319 1356 1392 obtinuerint
1372 1317 1424 1390 in·

201 1435 341 1534 quirere
376 1441 598 1532 propositum
621 1451 728 1510 esset.
756 1440 852 1510 Dum
874 1442 971 1510 enim
1008 1437 1217 1508 «adversus
1256 1434 1424 1506 mulieres

205 1578 291 1649 quae
313 1567 479 1624 nontam
501 1553 619 1624 dortae
640 1579 748 1650 quom
771 1553 946 1649 improbae
967 1553 1054 1649 quid
1075 1552 1201 1624 deceat
1216 1575 1282 1620 nec
1299 1547 1424 1620 dicunt

200 1693 269 1739 nec
281 1665 426 1739 iaciunt
442 1699 458 1734 ³>
482 1673 533 1764 (2')
555 1694 701 1764 asperas
725 1668 875 1741 facetias
904 1668 1153 1756 Talaveranus
1173 1663 1423 1762 archipresby·

201 1795 298 1856 terus
330 1784 483 1880 Alsonro
519 1785 711 1857 Martinez
747 1785 790 1856 de
830 1786 952 1857 Tuledo
990 1783 1192 1880 destringit,
1216 1781 1369 1853 ridicula
1388 1793 1422 1852 et

199 1896 332 1970 festiva
365 1912 487 1970 narrat
519 1899 714 1996 quaejam,
745 1915 783 1973 ut
815 1905 866 1972 ita
903 1900 1036 1989 dicam,
1074 1897 1299 1974 Celertz'nam
1322 1895 1420 1969 subsi

200 2016 307 2110 prun
336 2016 398 2110 (3)·
831 2091 833 2094 .

253 2128 327 2200 Sed
347 2128 429 2204 haee
449 2134 551 2202 satis,
571 2131 655 2224 Quo
675 2132 788 2232 Rojas
804 2132 912 2206 modo
937 2145 989 2204 tot
1005 2145 1129 2204 ettam
1151 2133 1351 2204 contrarias
1366 2150 1422 2198 res

199 2245 357 2341 junxerit
405 2272 502 2317 nuuc
546 2261 600 2318 est
644 2247 928 2321 enucleandum.
983 2249 1154 2346 Antiquis
1194 2260 1229 2319 et
1257 2240 1421 2340 hispanis

200 2359 435 2456 scriptoribus
458 2361 543 2458 quid
573 2361 634 2434 ille
651 2363 782 2460 adjecit
796 2367 812 2438 P
826 2364 993 2442 Alienam
1011 2365 1198 2437 materiam
1214 2388 1286 2460 qua
1300 2371 1421 2431 mente

201 2475 257 2548 sui
281 2475 368 2572 juris
401 2476 485 2548 iecit
520 2478 604 2549 dum
639 2485 781 2576 proprio
811 2485 961 2577 ingenio
991 2480 1137 2552 inservit
1166 2493 1201 2552 et
1231 2482 1317 2550 vitae
1343 2500 1420 2548 suae

200 2591 341 2662 forman
370 2591 518 2665 reddere
550 2598 735 2667 conatur?
790 2597 862 2688 Qui
902 2597 1061 2693 denique
1108 2597 1148 2668 fit
1182 2609 1220 2669 ut
1261 2598 1420 2691 priorum
1492 2648 1495 2654 .

200 2719 388 2802 poetarum
403 2712 557 2807 vestigia
584 2709 790 2800 deseruerit,
811 2737 877 2784 nec
891 2737 1073 2784 sacrarum
1091 2727 1151 2784 aut
1173 2711 1419 2784 bucolicarum

200 2820 422 2910 fabularum·
448 2825 510 2895 sed
551 2829 634 2897 novi
673 2838 708 2898 et
728 2827 868 2922 profani
902 2843 936 2900 et
970 2853 1051 2900 vere
1078 2828 1269 2900 dramatici
1303 2829 1422 2923 operis

200 2951 327 3010 auctor
346 2943 530 3013 evaserit?

231 3239 268 3296 (r)
281 3238 328 3286 Hic
341 3238 440 3289 libellus
448 3257 516 3291 anno
525 3241 789 3292 MCCCCXXXVIH
803 3246 909 3308 sriptus
918 3255 955 3295 est
965 3249 1011 3295 sod
1022 3264 1090 3295 anno
1104 3247 1188 3298 solum
1205 3247 1419 3298 MCCCCXCIX
1474 3223 1475 3226 Ἰ

202 3320 229 3366 in
246 3318 437 3368 Toledanorum
456 3321 556 3370 civitate
571 3323 638 3387 typis
654 3325 797 3374 mandatus.

234 3406 272 3467 (2)
289 3409 434 3457 «Tractado
447 3415 534 3460 contro
556 3414 595 3460 los
609 3416 718 3476 mujeres
739 3432 787 3474 que
807 3433 851 3462 con
867 3423 924 3477 poco
938 3419 1010 3465 saber
1030 3419 1152 3466 mesclado
1164 3435 1207 3467 ron
1233 3419 1338 3466 malicia
1352 3420 1425 3467 dicen

202 3489 216 3532 ἐ
226 3489 304 3547 faceu
319 3505 385 3536 cosas
398 3507 428 3537 no
442 3493 547 3539 aedidrrs
559 3511 580 3542 u.

233 3576 268 3638 (3)
283 3575 322 3625 Cr.
337 3577 514 3627 Narrationem
529 3599 578 3645 qna
600 3582 726 3632 deridetur
741 3585 783 3632 ille
798 3587 940 3635 traballero
958 3590 1025 3651 oiejo
1043 3605 1093 3649 que
1115 3593 1179 3636 tomo
1198 3596 1245 3650 por
1266 3590 1350 3650 mujer
1374 3605 1426 3636 una

202 3671 302 3704 mosa».
