<?xml version="1.0" encoding="UTF-8"?>
<!DOCTYPE html PUBLIC "-//W3C//DTD XHTML 1.0 Transitional//EN"
    "http://www.w3.org/TR/xhtml1/DTD/xhtml1-transitional.dtd">
<html xmlns="http://www.w3.org/1999/xhtml" xml:lang="en" lang="en">
 <head>
  <title>
</title>
<meta http-equiv="Content-Type" content="text/html;charset=utf-8" />
  <meta name='ocr-system' content='tesseract 3.04.00' />
  <meta name='ocr-capabilities' content='ocr_page ocr_carea ocr_par ocr_line ocrx_word'/>
</head>
<body>
  <div class='ocr_page' id='page_1' title='image "./quatenustragico00martgoog_0105.png"; bbox 0 0 3388 5458; ppageno 0'>
   <div class='ocr_carea' id='block_1_1' title="bbox 793 497 973 548">
    <p class='ocr_par' dir='ltr' id='par_1_1' title="bbox 793 497 973 548">
     <span class='ocr_line' id='line_1_1' title="bbox 793 497 973 548; baseline -0.017 1"><span class='ocrx_word' id='word_1_1' title='bbox 793 497 973 548; x_wconf 83' lang='lat'>-102-</span> 
     </span>
    </p>
   </div>
   <div class='ocr_carea' id='block_1_2' title="bbox 269 644 1500 1070">
    <p class='ocr_par' dir='ltr' id='par_1_2' title="bbox 269 644 1500 1070">
     <span class='ocr_line' id='line_1_2' title="bbox 271 644 1500 746; baseline -0.002 -24"><span class='ocrx_word' id='word_1_2' title='bbox 271 649 391 738; x_wconf 93' lang='lat' dir='ltr'>sumit,</span> <span class='ocrx_word' id='word_1_3' title='bbox 416 644 589 720; x_wconf 91' lang='lat' dir='ltr'>libentius</span> <span class='ocrx_word' id='word_1_4' title='bbox 603 672 688 720; x_wconf 89' lang='lat' dir='ltr'>vero</span> <span class='ocrx_word' id='word_1_5' title='bbox 703 646 841 744; x_wconf 87' lang='lat' dir='ltr'>nelaria</span> <span class='ocrx_word' id='word_1_6' title='bbox 859 658 896 720; x_wconf 91' lang='lat' dir='ltr'>et</span> <span class='ocrx_word' id='word_1_7' title='bbox 920 645 1072 719; x_wconf 83' lang='lat' dir='ltr'>infanda</span> <span class='ocrx_word' id='word_1_8' title='bbox 1092 646 1267 722; x_wconf 87' lang='lat' dir='ltr'>mandata</span> <span class='ocrx_word' id='word_1_9' title='bbox 1283 652 1500 746; x_wconf 85' lang='lat' dir='ltr'><strong>exsequitur</strong></span> 
     </span>
     <span class='ocr_line' id='line_1_3' title="bbox 269 761 1491 864; baseline 0 -26"><span class='ocrx_word' id='word_1_10' title='bbox 269 789 380 864; x_wconf 90' lang='lat' dir='ltr'>quam</span> <span class='ocrx_word' id='word_1_11' title='bbox 399 775 440 838; x_wconf 93' lang='lat' dir='ltr'>ut</span> <span class='ocrx_word' id='word_1_12' title='bbox 458 774 586 836; x_wconf 90' lang='lat' dir='ltr'>contra</span> <span class='ocrx_word' id='word_1_13' title='bbox 604 761 714 836; x_wconf 91' lang='lat' dir='ltr'>fidem</span> <span class='ocrx_word' id='word_1_14' title='bbox 735 763 831 837; x_wconf 88' lang='lat' dir='ltr'>haud</span> <span class='ocrx_word' id='word_1_15' title='bbox 844 763 988 840; x_wconf 88' lang='lat' dir='ltr'>evadat.</span> <span class='ocrx_word' id='word_1_16' title='bbox 1013 762 1118 860; x_wconf 88' lang='lat' dir='ltr'>Pejor</span> <span class='ocrx_word' id='word_1_17' title='bbox 1144 777 1197 837; x_wconf 91' lang='lat' dir='ltr'>est</span> <span class='ocrx_word' id='word_1_18' title='bbox 1216 763 1372 838; x_wconf 78' lang='lat' dir='ltr'>famulus</span> <span class='ocrx_word' id='word_1_19' title='bbox 1399 764 1491 863; x_wconf 80' lang='lat' dir='ltr'>ejuS,</span> 
     </span>
     <span class='ocr_line' id='line_1_4' title="bbox 269 878 1496 976; baseline 0.001 -26"><span class='ocrx_word' id='word_1_20' title='bbox 269 879 409 952; x_wconf 78' lang='lat' dir='ltr'>«irater</span> <span class='ocrx_word' id='word_1_21' title='bbox 425 909 443 949; x_wconf 74' lang='lat' dir='ltr'>i&gt;</span> <span class='ocrx_word' id='word_1_22' title='bbox 476 878 640 955; x_wconf 84' lang='lat' dir='ltr'>Gomecz&#39;o</span> <span class='ocrx_word' id='word_1_23' title='bbox 671 882 732 976; x_wconf 91' lang='lat' dir='ltr'>qui</span> <span class='ocrx_word' id='word_1_24' title='bbox 763 880 882 952; x_wconf 89' lang='lat' dir='ltr'>Deum</span> <span class='ocrx_word' id='word_1_25' title='bbox 914 878 1104 976; x_wconf 80' lang='lat' dir='ltr'>implorare</span> <span class='ocrx_word' id='word_1_26' title='bbox 1125 907 1199 953; x_wconf 93' lang='lat' dir='ltr'>non</span> <span class='ocrx_word' id='word_1_27' title='bbox 1225 879 1367 955; x_wconf 86' lang='lat' dir='ltr'>dubitat</span> <span class='ocrx_word' id='word_1_28' title='bbox 1392 893 1433 955; x_wconf 93' lang='lat' dir='ltr'>ut</span> <span class='ocrx_word' id='word_1_29' title='bbox 1452 885 1496 952; x_wconf 90' lang='lat' dir='ltr'>in</span> 
     </span>
     <span class='ocr_line' id='line_1_5' title="bbox 269 995 1495 1070; baseline 0.001 -2"><span class='ocrx_word' id='word_1_30' title='bbox 269 995 364 1070; x_wconf 91' lang='lat' dir='ltr'>lecto</span> <span class='ocrx_word' id='word_1_31' title='bbox 379 1021 445 1069; x_wconf 91' lang='lat' dir='ltr'>suo</span> <span class='ocrx_word' id='word_1_32' title='bbox 465 995 657 1070; x_wconf 91' lang='lat' dir='ltr'>Dorosiam</span> <span class='ocrx_word' id='word_1_33' title='bbox 674 995 846 1068; x_wconf 78' lang='lat' dir='ltr'>famulam</span> <span class='ocrx_word' id='word_1_34' title='bbox 866 1025 885 1070; x_wconf 68' lang='lat' dir='ltr'>v&lt;</span> <span class='ocrx_word' id='word_1_35' title='bbox 906 999 943 1066; x_wconf 92' lang='lat' dir='ltr'>in</span> <span class='ocrx_word' id='word_1_36' title='bbox 958 995 1324 1069; x_wconf 85' lang='lat' dir='ltr'>saeculasaeculorum</span> <span class='ocrx_word' id='word_1_37' title='bbox 1340 1027 1357 1064; x_wconf 84' lang='lat'>»</span> <span class='ocrx_word' id='word_1_38' title='bbox 1379 996 1495 1070; x_wconf 92' lang='lat' dir='ltr'>collo·</span> 
     </span>
    </p>
   </div>
   <div class='ocr_carea' id='block_1_3' title="bbox 268 1110 1611 1209">
    <p class='ocr_par' dir='ltr' id='par_1_3' title="bbox 268 1110 1611 1209">
     <span class='ocr_line' id='line_1_6' title="bbox 268 1110 1611 1209; baseline -0.001 -23"><span class='ocrx_word' id='word_1_39' title='bbox 268 1135 351 1186; x_wconf 82' lang='lat' dir='ltr'>care</span> <span class='ocrx_word' id='word_1_40' title='bbox 367 1110 468 1187; x_wconf 82' lang='lat' dir='ltr'>velit.</span> <span class='ocrx_word' id='word_1_41' title='bbox 490 1111 663 1184; x_wconf 88' lang='lat' dir='ltr'>Attamen</span> <span class='ocrx_word' id='word_1_42' title='bbox 679 1139 698 1180; x_wconf 88' lang='lat'>‹&lt;</span> <span class='ocrx_word' id='word_1_43' title='bbox 711 1110 922 1209; x_wconf 82' lang='lat' dir='ltr'>Serafinam</span> <span class='ocrx_word' id='word_1_44' title='bbox 940 1139 958 1180; x_wconf 89' lang='lat'>›&gt;</span> <span class='ocrx_word' id='word_1_45' title='bbox 977 1135 1052 1184; x_wconf 96' lang='lat' dir='ltr'>non</span> <span class='ocrx_word' id='word_1_46' title='bbox 1071 1123 1126 1184; x_wconf 91' lang='lat' dir='ltr'>est</span> <span class='ocrx_word' id='word_1_47' title='bbox 1151 1115 1250 1208; x_wconf 88' lang='lat' dir='ltr'>parvi</span> <span class='ocrx_word' id='word_1_48' title='bbox 1271 1112 1495 1186; x_wconf 87' lang='lat' dir='ltr'>aestimanda</span> <span class='ocrx_word' id='word_1_49' title='bbox 1606 1170 1611 1174; x_wconf 93' lang='lat'>.</span> 
     </span>
    </p>
   </div>
   <div class='ocr_carea' id='block_1_4' title="bbox 198 1224 1494 4457">
    <p class='ocr_par' dir='ltr' id='par_1_4' title="bbox 198 1224 1494 3297">
     <span class='ocr_line' id='line_1_7' title="bbox 267 1224 1494 1326; baseline -0.001 -25"><span class='ocrx_word' id='word_1_50' title='bbox 267 1239 307 1302; x_wconf 89' lang='lat' dir='ltr'>ut</span> <span class='ocrx_word' id='word_1_51' title='bbox 326 1253 411 1326; x_wconf 83' lang='lat' dir='ltr'>quae</span> <span class='ocrx_word' id='word_1_52' title='bbox 426 1249 618 1324; x_wconf 83' lang='lat' dir='ltr'>personam</span> <span class='ocrx_word' id='word_1_53' title='bbox 632 1225 705 1324; x_wconf 87' lang='lat' dir='ltr'>jam</span> <span class='ocrx_word' id='word_1_54' title='bbox 726 1251 748 1298; x_wconf 89' lang='lat' dir='ltr'>a</span> <span class='ocrx_word' id='word_1_55' title='bbox 770 1224 961 1298; x_wconf 87' lang='lat' dir='ltr'>Fernando</span> <span class='ocrx_word' id='word_1_56' title='bbox 979 1228 1023 1298; x_wconf 87' lang='lat' dir='ltr'>de</span> <span class='ocrx_word' id='word_1_57' title='bbox 1046 1226 1159 1325; x_wconf 81' lang='lat' dir='ltr'>Rojas</span> <span class='ocrx_word' id='word_1_58' title='bbox 1180 1225 1494 1301; x_wconf 84' lang='lat' dir='ltr'>adumbratam&#39;et</span> 
     </span>
     <span class='ocr_line' id='line_1_8' title="bbox 268 1340 1487 1440; baseline -0.002 -22"><span class='ocrx_word' id='word_1_59' title='bbox 268 1344 351 1419; x_wconf 85' lang='lat' dir='ltr'>latis</span> <span class='ocrx_word' id='word_1_60' title='bbox 380 1343 588 1440; x_wconf 88' lang='lat' dir='ltr'>insignibus</span> <span class='ocrx_word' id='word_1_61' title='bbox 621 1340 780 1414; x_wconf 85' lang='lat' dir='ltr'>debitam</span> <span class='ocrx_word' id='word_1_62' title='bbox 823 1340 860 1414; x_wconf 93' lang='lat' dir='ltr'>in</span> <span class='ocrx_word' id='word_1_63' title='bbox 896 1341 1098 1416; x_wconf 88' lang='lat' dir='ltr'>clarissima</span> <span class='ocrx_word' id='word_1_64' title='bbox 1130 1343 1209 1416; x_wconf 86' lang='lat' dir='ltr'>luce</span> <span class='ocrx_word' id='word_1_65' title='bbox 1242 1341 1487 1416; x_wconf 88' lang='lat' dir='ltr'>collocaverit.</span> 
     </span>
     <span class='ocr_line' id='line_1_9' title="bbox 270 1457 1494 1558; baseline -0.003 -24"><span class='ocrx_word' id='word_1_66' title='bbox 270 1458 461 1534; x_wconf 88' lang='lat' dir='ltr'>Famulum</span> <span class='ocrx_word' id='word_1_67' title='bbox 489 1457 573 1532; x_wconf 94' lang='lat' dir='ltr'>dico</span> <span class='ocrx_word' id='word_1_68' title='bbox 592 1460 772 1532; x_wconf 88' lang='lat' dir='ltr'>comicum</span> <span class='ocrx_word' id='word_1_69' title='bbox 793 1460 854 1556; x_wconf 93' lang='lat' dir='ltr'>qui</span> <span class='ocrx_word' id='word_1_70' title='bbox 874 1469 1002 1555; x_wconf 91' lang='lat' dir='ltr'>postea</span> <span class='ocrx_word' id='word_1_71' title='bbox 1029 1487 1048 1528; x_wconf 88' lang='lat'>‹&lt;</span> <span class='ocrx_word' id='word_1_72' title='bbox 1063 1457 1234 1558; x_wconf 79' lang='lat' dir='ltr'>graciosa</span> <span class='ocrx_word' id='word_1_73' title='bbox 1250 1489 1268 1528; x_wconf 89' lang='lat'>›&gt;</span> <span class='ocrx_word' id='word_1_74' title='bbox 1303 1457 1494 1532; x_wconf 90' lang='lat' dir='ltr'>vocabitur</span> 
     </span>
     <span class='ocr_line' id='line_1_10' title="bbox 267 1573 1488 1674; baseline -0.003 -24"><span class='ocrx_word' id='word_1_75' title='bbox 267 1588 302 1650; x_wconf 89' lang='lat' dir='ltr'>et</span> <span class='ocrx_word' id='word_1_76' title='bbox 328 1601 436 1674; x_wconf 85' lang='lat' dir='ltr'>quem</span> <span class='ocrx_word' id='word_1_77' title='bbox 457 1573 637 1650; x_wconf 89' lang='lat' dir='ltr'>immerito</span> <span class='ocrx_word' id='word_1_78' title='bbox 656 1598 761 1647; x_wconf 91' lang='lat' dir='ltr'>suum</span> <span class='ocrx_word' id='word_1_79' title='bbox 785 1597 864 1646; x_wconf 88' lang='lat' dir='ltr'>esse</span> <span class='ocrx_word' id='word_1_80' title='bbox 883 1573 975 1672; x_wconf 79' lang='lat' dir='ltr'>Lupe</span> <span class='ocrx_word' id='word_1_81' title='bbox 996 1575 1040 1646; x_wconf 85' lang='lat' dir='ltr'>de</span> <span class='ocrx_word' id='word_1_82' title='bbox 1065 1575 1160 1674; x_wconf 75' lang='lat' dir='ltr'>Vega</span> <span class='ocrx_word' id='word_1_83' title='bbox 1188 1574 1431 1672; x_wconf 80' lang='lat' dir='ltr'>praedicabit(</span> <span class='ocrx_word' id='word_1_84' title='bbox 1462 1580 1488 1669; x_wconf 87' lang='grc'>).</span> 
     </span>
     <span class='ocr_line' id='line_1_11' title="bbox 267 1688 1492 1787; baseline -0.002 -23"><span class='ocrx_word' id='word_1_85' title='bbox 267 1690 401 1766; x_wconf 89' lang='lat' dir='ltr'><strong>Nonne</strong></span> <span class='ocrx_word' id='word_1_86' title='bbox 415 1693 514 1766; x_wconf 91' lang='lat' dir='ltr'>enim</span> <span class='ocrx_word' id='word_1_87' title='bbox 533 1688 681 1764; x_wconf 76' lang='lat' dir='ltr'>Lem&#39;cz&#39;o</span> <span class='ocrx_word' id='word_1_88' title='bbox 700 1701 808 1762; x_wconf 92' lang='lat' dir='ltr'>acuto</span> <span class='ocrx_word' id='word_1_89' title='bbox 823 1701 858 1762; x_wconf 89' lang='lat' dir='ltr'>et</span> <span class='ocrx_word' id='word_1_90' title='bbox 879 1689 998 1763; x_wconf 87' lang='lat' dir='ltr'>faceto</span> <span class='ocrx_word' id='word_1_91' title='bbox 1023 1689 1130 1763; x_wconf 93' lang='lat' dir='ltr'>modo</span> <span class='ocrx_word' id='word_1_92' title='bbox 1149 1716 1212 1763; x_wconf 90' lang='lat' dir='ltr'>eas</span> <span class='ocrx_word' id='word_1_93' title='bbox 1238 1694 1315 1787; x_wconf 84' lang='lat' dir='ltr'>agit</span> <span class='ocrx_word' id='word_1_94' title='bbox 1342 1692 1492 1787; x_wconf 79' lang='lat' dir='ltr'>partes?</span> 
     </span>
     <span class='ocr_line' id='line_1_12' title="bbox 267 1804 1490 1904; baseline -0.001 -25"><span class='ocrx_word' id='word_1_95' title='bbox 267 1805 367 1900; x_wconf 83' lang='lat' dir='ltr'>Quid</span> <span class='ocrx_word' id='word_1_96' title='bbox 387 1805 524 1880; x_wconf 84' lang='lat' dir='ltr'>salibus</span> <span class='ocrx_word' id='word_1_97' title='bbox 544 1809 701 1879; x_wconf 89' lang='lat' dir='ltr'>amarius</span> <span class='ocrx_word' id='word_1_98' title='bbox 717 1804 849 1904; x_wconf 90' lang='lat' dir='ltr'>quibus</span> <span class='ocrx_word' id='word_1_99' title='bbox 868 1804 1075 1880; x_wconf 91' lang='lat' dir='ltr'>Teodorum</span> <span class='ocrx_word' id='word_1_100' title='bbox 1096 1805 1243 1880; x_wconf 79' lang='lat' dir='ltr'>irridet?</span> <span class='ocrx_word' id='word_1_101' title='bbox 1274 1807 1373 1899; x_wconf 84' lang='lat' dir='ltr'>Quid</span> <span class='ocrx_word' id='word_1_102' title='bbox 1407 1832 1490 1878; x_wconf 93' lang='lat' dir='ltr'>sen-</span> 
     </span>
     <span class='ocr_line' id='line_1_13' title="bbox 265 1903 1489 2020; baseline -0.002 -24"><span class='ocrx_word' id='word_1_103' title='bbox 265 1925 390 1996; x_wconf 85' lang='lat' dir='ltr'>tentiis</span> <span class='ocrx_word' id='word_1_104' title='bbox 408 1926 526 1998; x_wconf 92' lang='lat' dir='ltr'>verius</span> <span class='ocrx_word' id='word_1_105' title='bbox 545 1935 581 1997; x_wconf 89' lang='lat' dir='ltr'>et</span> <span class='ocrx_word' id='word_1_106' title='bbox 602 1921 788 1996; x_wconf 91' lang='lat' dir='ltr'>venustius</span> <span class='ocrx_word' id='word_1_107' title='bbox 817 1921 950 2020; x_wconf 92' lang='lat' dir='ltr'>quibus</span> <span class='ocrx_word' id='word_1_108' title='bbox 982 1903 1148 1995; x_wconf 84' lang='lat' dir='ltr'>mulieres</span> <span class='ocrx_word' id='word_1_109' title='bbox 1178 1922 1328 1996; x_wconf 90' lang='lat' dir='ltr'>rudibus</span> <span class='ocrx_word' id='word_1_110' title='bbox 1361 1948 1489 2019; x_wconf 91' lang='lat' dir='ltr'>perpu-</span> 
     </span>
     <span class='ocr_line' id='line_1_14' title="bbox 263 2037 1490 2138; baseline -0.002 -26"><span class='ocrx_word' id='word_1_111' title='bbox 263 2042 438 2138; x_wconf 77' lang='lat' dir='ltr'>gnacium</span> <span class='ocrx_word' id='word_1_112' title='bbox 459 2038 614 2113; x_wconf 91' lang='lat' dir='ltr'>militum</span> <span class='ocrx_word' id='word_1_113' title='bbox 646 2037 807 2112; x_wconf 89' lang='lat' dir='ltr'>moribus</span> <span class='ocrx_word' id='word_1_114' title='bbox 840 2051 966 2136; x_wconf 89' lang='lat' dir='ltr'>captas</span> <span class='ocrx_word' id='word_1_115' title='bbox 995 2043 1192 2112; x_wconf 87' lang='lat' dir='ltr'>insectatur</span> <span class='ocrx_word' id='word_1_116' title='bbox 1216 2052 1252 2112; x_wconf 90' lang='lat' dir='ltr'>et</span> <span class='ocrx_word' id='word_1_117' title='bbox 1270 2038 1490 2114; x_wconf 77' lang='lat' dir='ltr'>cavillatur?</span> 
     </span>
     <span class='ocr_line' id='line_1_15' title="bbox 266 2153 1489 2255; baseline 0.002 -31"><span class='ocrx_word' id='word_1_118' title='bbox 266 2183 285 2224; x_wconf 90' lang='lat'>«</span> <span class='ocrx_word' id='word_1_119' title='bbox 302 2155 583 2246; x_wconf 87' lang='lat' dir='ltr'>Transeuntem,</span> <span class='ocrx_word' id='word_1_120' title='bbox 618 2159 753 2255; x_wconf 83' lang='lat' dir='ltr'>inquit.</span> <span class='ocrx_word' id='word_1_121' title='bbox 777 2181 905 2229; x_wconf 90' lang='lat' dir='ltr'>canem</span> <span class='ocrx_word' id='word_1_122' title='bbox 926 2158 956 2228; x_wconf 92' lang='lat' dir='ltr'>si</span> <span class='ocrx_word' id='word_1_123' title='bbox 978 2181 1075 2228; x_wconf 90' lang='lat' dir='ltr'>nunc</span> <span class='ocrx_word' id='word_1_124' title='bbox 1101 2155 1327 2252; x_wconf 88' lang='lat' dir='ltr'>perloderim,</span> <span class='ocrx_word' id='word_1_125' title='bbox 1347 2153 1489 2228; x_wconf 90' lang='lat' dir='ltr'>videbis</span> 
     </span>
     <span class='ocr_line' id='line_1_16' title="bbox 264 2271 1487 2370; baseline -0.002 -24"><span class='ocrx_word' id='word_1_126' title='bbox 264 2284 352 2370; x_wconf 90' lang='lat' dir='ltr'>quot</span> <span class='ocrx_word' id='word_1_127' title='bbox 371 2297 442 2370; x_wconf 87' lang='lat' dir='ltr'>ego</span> <span class='ocrx_word' id='word_1_128' title='bbox 468 2297 550 2346; x_wconf 92' lang='lat' dir='ltr'>cum</span> <span class='ocrx_word' id='word_1_129' title='bbox 576 2284 765 2346; x_wconf 91' lang='lat' dir='ltr'>cruentato</span> <span class='ocrx_word' id='word_1_130' title='bbox 784 2272 911 2369; x_wconf 85' lang='lat' dir='ltr'>gladio</span> <span class='ocrx_word' id='word_1_131' title='bbox 931 2271 1190 2345; x_wconf 86' lang='lat' dir='ltr'>blanditiarum</span> <span class='ocrx_word' id='word_1_132' title='bbox 1218 2284 1254 2345; x_wconf 90' lang='lat' dir='ltr'>et</span> <span class='ocrx_word' id='word_1_133' title='bbox 1283 2271 1417 2345; x_wconf 93' lang='lat' dir='ltr'>risuum</span> <span class='ocrx_word' id='word_1_134' title='bbox 1438 2271 1487 2343; x_wconf 90' lang='lat' dir='ltr'>ab</span> 
     </span>
     <span class='ocr_line' id='line_1_17' title="bbox 264 2380 1487 2486; baseline -0.002 -26"><span class='ocrx_word' id='word_1_135' title='bbox 264 2412 308 2460; x_wconf 89' lang='lat' dir='ltr'>ea</span> <span class='ocrx_word' id='word_1_136' title='bbox 340 2391 408 2460; x_wconf 92' lang='lat' dir='ltr'>sim</span> <span class='ocrx_word' id='word_1_137' title='bbox 442 2400 666 2486; x_wconf 88' lang='lat' dir='ltr'>accepturus.</span> <span class='ocrx_word' id='word_1_138' title='bbox 702 2380 909 2486; x_wconf 86' lang='lat' dir='ltr'>Sponsione</span> <span class='ocrx_word' id='word_1_139' title='bbox 936 2400 970 2460; x_wconf 89' lang='lat' dir='ltr'>te</span> <span class='ocrx_word' id='word_1_140' title='bbox 1004 2413 1158 2484; x_wconf 91' lang='lat' dir='ltr'>provoco</span> <span class='ocrx_word' id='word_1_141' title='bbox 1192 2413 1273 2462; x_wconf 89' lang='lat' dir='ltr'>eam</span> <span class='ocrx_word' id='word_1_142' title='bbox 1312 2386 1487 2460; x_wconf 90' lang='lat' dir='ltr'>inducula</span> 
     </span>
     <span class='ocr_line' id='line_1_18' title="bbox 263 2503 1486 2601; baseline -0.005 -21"><span class='ocrx_word' id='word_1_143' title='bbox 263 2527 408 2580; x_wconf 90' lang='lat' dir='ltr'>usuram</span> <span class='ocrx_word' id='word_1_144' title='bbox 428 2529 508 2578; x_wconf 91' lang='lat' dir='ltr'>esse</span> <span class='ocrx_word' id='word_1_145' title='bbox 537 2515 578 2578; x_wconf 92' lang='lat' dir='ltr'>ut</span> <span class='ocrx_word' id='word_1_146' title='bbox 596 2504 724 2578; x_wconf 84' lang='lat' dir='ltr'>frontis</span> <span class='ocrx_word' id='word_1_147' title='bbox 745 2529 833 2576; x_wconf 86' lang='lat' dir='ltr'>meae</span> <span class='ocrx_word' id='word_1_148' title='bbox 852 2503 1020 2576; x_wconf 90' lang='lat' dir='ltr'>sudorem</span> <span class='ocrx_word' id='word_1_149' title='bbox 1050 2503 1248 2601; x_wconf 85' lang='lat' dir='ltr'>abstergat,</span> <span class='ocrx_word' id='word_1_150' title='bbox 1270 2503 1486 2600; x_wconf 86' lang='lat' dir='ltr'>dominique</span> 
     </span>
     <span class='ocr_line' id='line_1_19' title="bbox 264 2617 1486 2717; baseline 0 -27"><span class='ocrx_word' id='word_1_151' title='bbox 264 2617 354 2692; x_wconf 93' lang='lat' dir='ltr'>mihi</span> <span class='ocrx_word' id='word_1_152' title='bbox 371 2632 417 2702; x_wconf 60' lang='lat' dir='ltr'>,et</span> <span class='ocrx_word' id='word_1_153' title='bbox 448 2621 544 2717; x_wconf 87' lang='lat' dir='ltr'>regis</span> <span class='ocrx_word' id='word_1_154' title='bbox 583 2623 735 2693; x_wconf 94' lang='lat' dir='ltr'>nomina</span> <span class='ocrx_word' id='word_1_155' title='bbox 766 2624 1028 2716; x_wconf 80' lang='lat' dir='ltr'>imposituram.</span> <span class='ocrx_word' id='word_1_156' title='bbox 1062 2619 1297 2692; x_wconf 84' lang='lat' dir='ltr'>»Neminem</span> <span class='ocrx_word' id='word_1_157' title='bbox 1336 2617 1486 2690; x_wconf 78' lang='lat' dir='ltr'>Lenicz&#39;o</span> 
     </span>
     <span class='ocr_line' id='line_1_20' title="bbox 262 2733 1484 2832; baseline -0.002 -24"><span class='ocrx_word' id='word_1_158' title='bbox 262 2733 404 2810; x_wconf 83' lang='lat' dir='ltr'>facetiis</span> <span class='ocrx_word' id='word_1_159' title='bbox 424 2735 600 2829; x_wconf 83' lang='lat' dir='ltr'>intactum</span> <span class='ocrx_word' id='word_1_160' title='bbox 621 2736 804 2832; x_wconf 86' lang='lat' dir='ltr'>relinquit,</span> <span class='ocrx_word' id='word_1_161' title='bbox 830 2760 897 2808; x_wconf 93' lang='lat' dir='ltr'>nec</span> <span class='ocrx_word' id='word_1_162' title='bbox 923 2738 1122 2832; x_wconf 87' lang='lat' dir='ltr'>praesertim</span> <span class='ocrx_word' id='word_1_163' title='bbox 1153 2736 1380 2808; x_wconf 91' lang='lat' dir='ltr'>Gomecium.</span> <span class='ocrx_word' id='word_1_164' title='bbox 1413 2734 1484 2806; x_wconf 90' lang='lat' dir='ltr'>Cui</span> 
     </span>
     <span class='ocr_line' id='line_1_21' title="bbox 198 2849 1486 2949; baseline -0.002 -25"><span class='ocrx_word' id='word_1_165' title='bbox 198 2889 202 2897; x_wconf 91' lang='lat'>·</span> <span class='ocrx_word' id='word_1_166' title='bbox 262 2876 343 2924; x_wconf 89' lang='lat' dir='ltr'>cum</span> <span class='ocrx_word' id='word_1_167' title='bbox 377 2856 593 2949; x_wconf 87' lang='lat' dir='ltr'>persuaserit</span> <span class='ocrx_word' id='word_1_168' title='bbox 621 2851 719 2924; x_wconf 89' lang='lat' dir='ltr'>brevi</span> <span class='ocrx_word' id='word_1_169' title='bbox 743 2877 868 2924; x_wconf 88' lang='lat' dir='ltr'>euma</span> <span class='ocrx_word' id='word_1_170' title='bbox 896 2850 1049 2924; x_wconf 92' lang='lat' dir='ltr'>Dorosia</span> <span class='ocrx_word' id='word_1_171' title='bbox 1079 2862 1239 2943; x_wconf 84' lang='lat' dir='ltr'>amatum</span> <span class='ocrx_word' id='word_1_172' title='bbox 1267 2853 1308 2921; x_wconf 89' lang='lat' dir='ltr'>iri</span> <span class='ocrx_word' id='word_1_173' title='bbox 1337 2849 1486 2922; x_wconf 88' lang='lat' dir='ltr'>vincula</span> 
     </span>
     <span class='ocr_line' id='line_1_22' title="bbox 203 2965 1479 3065; baseline 0 -27"><span class='ocrx_word' id='word_1_174' title='bbox 203 3021 208 3031; x_wconf 88' lang='lat'><em>.</em></span> <span class='ocrx_word' id='word_1_175' title='bbox 261 2967 378 3065; x_wconf 84' lang='lat' dir='ltr'>injicit</span> <span class='ocrx_word' id='word_1_176' title='bbox 397 2980 432 3042; x_wconf 91' lang='lat' dir='ltr'>et</span> <span class='ocrx_word' id='word_1_177' title='bbox 451 2968 602 3042; x_wconf 89' lang='lat' dir='ltr'>ridicula</span> <span class='ocrx_word' id='word_1_178' title='bbox 623 2981 658 3043; x_wconf 90' lang='lat' dir='ltr'>et</span> <span class='ocrx_word' id='word_1_179' title='bbox 680 2972 824 3065; x_wconf 86' lang='lat' dir='ltr'>magica</span> <span class='ocrx_word' id='word_1_180' title='bbox 844 2971 1006 3042; x_wconf 87' lang='lat' dir='ltr'>carmina</span> <span class='ocrx_word' id='word_1_181' title='bbox 1034 2965 1121 3038; x_wconf 86' lang='lat' dir='ltr'>dicit</span> <span class='ocrx_word' id='word_1_182' title='bbox 1142 2970 1305 3064; x_wconf 83' lang='lat' dir='ltr'>(certum,</span> <span class='ocrx_word' id='word_1_183' title='bbox 1329 2967 1479 3056; x_wconf 80' lang='lat' dir='ltr'>berlum,</span> 
     </span>
     <span class='ocr_line' id='line_1_23' title="bbox 260 3081 1484 3184; baseline 0 -30"><span class='ocrx_word' id='word_1_184' title='bbox 260 3081 461 3173; x_wconf 68' lang='lat' dir='ltr'>calabazas,</span> <span class='ocrx_word' id='word_1_185' title='bbox 478 3085 686 3184; x_wconf 60' lang='lat' dir='ltr'>garabatoq</span> <span class='ocrx_word' id='word_1_186' title='bbox 718 3086 804 3179; x_wconf 84' lang='lat' dir='ltr'>etc.)</span> <span class='ocrx_word' id='word_1_187' title='bbox 826 3110 906 3182; x_wconf 86' lang='lat' dir='ltr'>quae</span> <span class='ocrx_word' id='word_1_188' title='bbox 932 3085 1112 3157; x_wconf 79' lang='lat' dir='ltr'>Caldercn</span> <span class='ocrx_word' id='word_1_189' title='bbox 1133 3095 1167 3156; x_wconf 92' lang='lat' dir='ltr'>et</span> <span class='ocrx_word' id='word_1_190' title='bbox 1187 3094 1268 3179; x_wconf 91' lang='lat' dir='ltr'>post</span> <span class='ocrx_word' id='word_1_191' title='bbox 1287 3107 1370 3154; x_wconf 89' lang='lat' dir='ltr'>eum</span> <span class='ocrx_word' id='word_1_192' title='bbox 1400 3082 1431 3153; x_wconf 82' lang='lat' dir='ltr'><em>T</em></span> <span class='ocrx_word' id='word_1_193' title='bbox 1427 3083 1484 3154; x_wconf 77' lang='lat' dir='ltr'>lto-</span> 
     </span>
     <span class='ocr_line' id='line_1_24' title="bbox 260 3193 1216 3297; baseline 0 -27"><span class='ocrx_word' id='word_1_194' title='bbox 260 3224 340 3272; x_wconf 84' lang='lat' dir='ltr'>mas</span> <span class='ocrx_word' id='word_1_195' title='bbox 361 3199 550 3274; x_wconf 80' lang='lat' dir='ltr'>Corneille</span> <span class='ocrx_word' id='word_1_196' title='bbox 567 3200 678 3297; x_wconf 85' lang='lat' dir='ltr'>longe</span> <span class='ocrx_word' id='word_1_197' title='bbox 694 3199 847 3272; x_wconf 88' lang='lat' dir='ltr'>aberunt</span> <span class='ocrx_word' id='word_1_198' title='bbox 867 3211 906 3272; x_wconf 95' lang='lat' dir='ltr'>ut</span> <span class='ocrx_word' id='word_1_199' title='bbox 926 3193 1144 3297; x_wconf 82' lang='lat' dir='ltr'>despiciant.</span> <span class='ocrx_word' id='word_1_200' title='bbox 1166 3199 1216 3296; x_wconf 86' lang='lat'>(2)</span> 
     </span>
    </p>

    <p class='ocr_par' dir='ltr' id='par_1_5' title="bbox 255 3314 1483 4457">
     <span class='ocr_line' id='line_1_25' title="bbox 309 3314 1483 3414; baseline -0.003 -26"><span class='ocrx_word' id='word_1_201' title='bbox 309 3315 405 3388; x_wconf 87' lang='lat' dir='ltr'>Vera</span> <span class='ocrx_word' id='word_1_202' title='bbox 435 3315 509 3414; x_wconf 86' lang='lat' dir='ltr'>jam</span> <span class='ocrx_word' id='word_1_203' title='bbox 539 3327 594 3388; x_wconf 87' lang='lat' dir='ltr'>est</span> <span class='ocrx_word' id='word_1_204' title='bbox 630 3328 666 3390; x_wconf 89' lang='lat' dir='ltr'>et</span> <span class='ocrx_word' id='word_1_205' title='bbox 703 3319 806 3414; x_wconf 90' lang='lat' dir='ltr'>quasi</span> <span class='ocrx_word' id='word_1_206' title='bbox 844 3314 1001 3412; x_wconf 89' lang='lat' dir='ltr'>perlecta</span> <span class='ocrx_word' id='word_1_207' title='bbox 1020 3315 1204 3388; x_wconf 89' lang='lat' dir='ltr'>comoedia</span> <span class='ocrx_word' id='word_1_208' title='bbox 1242 3315 1321 3386; x_wconf 85' lang='lat' dir='ltr'>«de</span> <span class='ocrx_word' id='word_1_209' title='bbox 1344 3327 1429 3412; x_wconf 81' lang='lat' dir='ltr'>capa</span> <span class='ocrx_word' id='word_1_210' title='bbox 1451 3341 1483 3412; x_wconf 82' lang='lat' dir='ltr'><em>y</em></span> 
     </span>
     <span class='ocr_line' id='line_1_26' title="bbox 259 3429 1481 3531; baseline -0.002 -27"><span class='ocrx_word' id='word_1_211' title='bbox 259 3433 426 3531; x_wconf 80' lang='lat' dir='ltr'>espadav</span> <span class='ocrx_word' id='word_1_212' title='bbox 457 3433 599 3506; x_wconf 83' lang='lat' dir='ltr'>lmenea</span> <span class='ocrx_word' id='word_1_213' title='bbox 628 3431 691 3504; x_wconf 95' lang='lat' dir='ltr'>illa</span> <span class='ocrx_word' id='word_1_214' title='bbox 711 3458 791 3530; x_wconf 86' lang='lat' dir='ltr'>quae</span> <span class='ocrx_word' id='word_1_215' title='bbox 819 3431 975 3529; x_wconf 89' lang='lat' dir='ltr'>priorum</span> <span class='ocrx_word' id='word_1_216' title='bbox 1007 3430 1249 3530; x_wconf 81' lang='lat' dir='ltr'>Ecglogarum</span> <span class='ocrx_word' id='word_1_217' title='bbox 1286 3429 1377 3502; x_wconf 92' lang='lat' dir='ltr'>nihil</span> <span class='ocrx_word' id='word_1_218' title='bbox 1409 3433 1481 3503; x_wconf 93' lang='lat' dir='ltr'>nisi</span> 
     </span>
     <span class='ocr_line' id='line_1_27' title="bbox 259 3547 1481 3634; baseline -0.001 -15"><span class='ocrx_word' id='word_1_219' title='bbox 259 3547 483 3621; x_wconf 89' lang='lat' dir='ltr'>cantilenam</span> <span class='ocrx_word' id='word_1_220' title='bbox 505 3576 523 3617; x_wconf 74' lang='lat' dir='ltr'>&lt;t</span> <span class='ocrx_word' id='word_1_221' title='bbox 540 3547 734 3621; x_wconf 91' lang='lat' dir='ltr'>villancico</span> <span class='ocrx_word' id='word_1_222' title='bbox 752 3578 770 3617; x_wconf 84' lang='lat'>›&gt;</span> <span class='ocrx_word' id='word_1_223' title='bbox 790 3547 923 3620; x_wconf 89' lang='lat' dir='ltr'>dictam</span> <span class='ocrx_word' id='word_1_224' title='bbox 944 3552 1085 3634; x_wconf 89' lang='lat' dir='ltr'>retinet,</span> <span class='ocrx_word' id='word_1_225' title='bbox 1104 3550 1293 3619; x_wconf 87' lang='lat' dir='ltr'>materiam</span> <span class='ocrx_word' id='word_1_226' title='bbox 1323 3560 1443 3618; x_wconf 86' lang='lat' dir='ltr'>autem</span> <span class='ocrx_word' id='word_1_227' title='bbox 1460 3573 1481 3618; x_wconf 92' lang='lat' dir='ltr'>e</span> 
     </span>
     <span class='ocr_line' id='line_1_28' title="bbox 258 3661 1479 3763; baseline -0.004 -25"><span class='ocrx_word' id='word_1_228' title='bbox 258 3662 555 3760; x_wconf 89' lang='lat' dir='ltr'>Tragicomoedia</span> <span class='ocrx_word' id='word_1_229' title='bbox 574 3662 619 3736; x_wconf 85' lang='lat' dir='ltr'>de</span> <span class='ocrx_word' id='word_1_230' title='bbox 641 3663 787 3738; x_wconf 78' lang='lat' dir='ltr'>Calz&#39;sto</span> <span class='ocrx_word' id='word_1_231' title='bbox 800 3691 831 3763; x_wconf 85' lang='lat' dir='ltr'><em>y</em></span> <span class='ocrx_word' id='word_1_232' title='bbox 849 3663 1006 3736; x_wconf 80' lang='lat' dir='ltr'>Melz&#39;bea</span> <span class='ocrx_word' id='word_1_233' title='bbox 1026 3667 1129 3735; x_wconf 90' lang='lat' dir='ltr'>eruit.</span> <span class='ocrx_word' id='word_1_234' title='bbox 1166 3665 1349 3736; x_wconf 91' lang='lat' dir='ltr'>lmeneum</span> <span class='ocrx_word' id='word_1_235' title='bbox 1381 3661 1479 3734; x_wconf 86' lang='lat' dir='ltr'>enim</span> 
     </span>
     <span class='ocr_line' id='line_1_29' title="bbox 255 3778 1480 3878; baseline -0.002 -24"><span class='ocrx_word' id='word_1_236' title='bbox 255 3779 423 3878; x_wconf 85' lang='lat' dir='ltr'>juvenem</span> <span class='ocrx_word' id='word_1_237' title='bbox 454 3778 620 3854; x_wconf 90' lang='lat' dir='ltr'>videmus</span> <span class='ocrx_word' id='word_1_238' title='bbox 648 3785 709 3878; x_wconf 91' lang='lat' dir='ltr'>qui</span> <span class='ocrx_word' id='word_1_239' title='bbox 744 3780 886 3853; x_wconf 92' lang='lat' dir='ltr'>duobus</span> <span class='ocrx_word' id='word_1_240' title='bbox 924 3784 1119 3852; x_wconf 86' lang='lat' dir='ltr'>comitatus</span> <span class='ocrx_word' id='word_1_241' title='bbox 1161 3778 1306 3851; x_wconf 80' lang='lat' dir='ltr'>famulis</span> <span class='ocrx_word' id='word_1_242' title='bbox 1344 3778 1480 3852; x_wconf 90' lang='lat' dir='ltr'>nobilis</span> 
     </span>
     <span class='ocr_line' id='line_1_30' title="bbox 259 3893 1479 3992; baseline -0.002 -24"><span class='ocrx_word' id='word_1_243' title='bbox 259 3895 386 3968; x_wconf 84' lang='lat' dir='ltr'>Febeae</span> <span class='ocrx_word' id='word_1_244' title='bbox 424 3893 599 3971; x_wconf 90' lang='lat' dir='ltr'>lenestras</span> <span class='ocrx_word' id='word_1_245' title='bbox 637 3914 815 3969; x_wconf 86' lang='lat' dir='ltr'>nocturna</span> <span class='ocrx_word' id='word_1_246' title='bbox 847 3895 1065 3992; x_wconf 91' lang='lat' dir='ltr'>symphonia</span> <span class='ocrx_word' id='word_1_247' title='bbox 1098 3907 1202 3968; x_wconf 92' lang='lat' dir='ltr'>ornat</span> <span class='ocrx_word' id='word_1_248' title='bbox 1236 3905 1271 3966; x_wconf 92' lang='lat' dir='ltr'>et</span> <span class='ocrx_word' id='word_1_249' title='bbox 1299 3909 1327 3965; x_wconf 82' lang='lat' dir='ltr'>&#39;a</span> <span class='ocrx_word' id='word_1_250' title='bbox 1356 3893 1479 3990; x_wconf 88' lang='lat' dir='ltr'>puella</span> 
     </span>
     <span class='ocr_line' id='line_1_31' title="bbox 257 4009 1478 4109; baseline -0.002 -25"><span class='ocrx_word' id='word_1_251' title='bbox 257 4010 482 4085; x_wconf 89' lang='lat' dir='ltr'>mollissimis</span> <span class='ocrx_word' id='word_1_252' title='bbox 510 4013 677 4109; x_wconf 90' lang='lat' dir='ltr'>precibus</span> <span class='ocrx_word' id='word_1_253' title='bbox 711 4017 878 4108; x_wconf 87' lang='lat' dir='ltr'>impetrat</span> <span class='ocrx_word' id='word_1_254' title='bbox 900 4024 937 4083; x_wconf 94' lang='lat' dir='ltr'>ut</span> <span class='ocrx_word' id='word_1_255' title='bbox 967 4015 1004 4082; x_wconf 95' lang='lat' dir='ltr'>in</span> <span class='ocrx_word' id='word_1_256' title='bbox 1038 4012 1115 4108; x_wconf 78' lang='lat' dir='ltr'>ejus</span> <span class='ocrx_word' id='word_1_257' title='bbox 1141 4009 1288 4082; x_wconf 91' lang='lat' dir='ltr'>domum</span> <span class='ocrx_word' id='word_1_258' title='bbox 1315 4013 1478 4106; x_wconf 86' lang='lat' dir='ltr'>proxima</span> 
     </span>
     <span class='ocr_line' id='line_1_32' title="bbox 256 4125 1477 4224; baseline -0.003 -22"><span class='ocrx_word' id='word_1_259' title='bbox 256 4139 363 4206; x_wconf 90' lang='lat' dir='ltr'>nocte</span> <span class='ocrx_word' id='word_1_260' title='bbox 382 4153 421 4202; x_wconf 88' lang='lat' dir='ltr'>se</span> <span class='ocrx_word' id='word_1_261' title='bbox 437 4131 608 4202; x_wconf 89' lang='lat' dir='ltr'>insinuet.</span> <span class='ocrx_word' id='word_1_262' title='bbox 633 4130 724 4221; x_wconf 81' lang='lat' dir='ltr'>Quae</span> <span class='ocrx_word' id='word_1_263' title='bbox 740 4142 815 4202; x_wconf 91' lang='lat' dir='ltr'>tum</span> <span class='ocrx_word' id='word_1_264' title='bbox 837 4128 897 4201; x_wconf 90' lang='lat' dir='ltr'>ille</span> <span class='ocrx_word' id='word_1_265' title='bbox 917 4131 1079 4224; x_wconf 89' lang='lat' dir='ltr'>exposcit</span> <span class='ocrx_word' id='word_1_266' title='bbox 1099 4139 1134 4198; x_wconf 86' lang='lat' dir='ltr'>ct</span> <span class='ocrx_word' id='word_1_267' title='bbox 1154 4125 1218 4198; x_wconf 88' lang='lat' dir='ltr'>illa</span> <span class='ocrx_word' id='word_1_268' title='bbox 1233 4139 1374 4198; x_wconf 85' lang='lat' dir='ltr'>recusat</span> <span class='ocrx_word' id='word_1_269' title='bbox 1390 4152 1477 4198; x_wconf 90' lang='lat' dir='ltr'>con·</span> 
     </span>
     <span class='ocr_line' id='line_1_33' title="bbox 255 4240 1478 4342; baseline -0.004 -24"><span class='ocrx_word' id='word_1_270' title='bbox 255 4247 375 4318; x_wconf 91' lang='lat' dir='ltr'>cinnis</span> <span class='ocrx_word' id='word_1_271' title='bbox 408 4255 444 4316; x_wconf 88' lang='lat' dir='ltr'>et</span> <span class='ocrx_word' id='word_1_272' title='bbox 473 4242 671 4342; x_wconf 88' lang='lat' dir='ltr'>aliquando</span> <span class='ocrx_word' id='word_1_273' title='bbox 712 4242 962 4317; x_wconf 91' lang='lat' dir='ltr'>subtilioribus</span> <span class='ocrx_word' id='word_1_274' title='bbox 990 4243 1108 4315; x_wconf 88' lang='lat' dir='ltr'>verbis</span> <span class='ocrx_word' id='word_1_275' title='bbox 1137 4241 1307 4314; x_wconf 89' lang='lat' dir='ltr'>dicuntur</span> <span class='ocrx_word' id='word_1_276' title='bbox 1344 4240 1478 4337; x_wconf 91' lang='lat' dir='ltr'>quibus</span> 
     </span>
     <span class='ocr_line' id='line_1_34' title="bbox 256 4356 1477 4457; baseline -0.003 -23"><span class='ocrx_word' id='word_1_277' title='bbox 256 4359 345 4434; x_wconf 89' lang='lat' dir='ltr'>nihil</span> <span class='ocrx_word' id='word_1_278' title='bbox 387 4363 506 4457; x_wconf 87' lang='lat' dir='ltr'>magis</span> <span class='ocrx_word' id='word_1_279' title='bbox 547 4372 601 4434; x_wconf 89' lang='lat' dir='ltr'>est</span> <span class='ocrx_word' id='word_1_280' title='bbox 652 4359 935 4457; x_wconf 87' lang='lat' dir='ltr'>comparandum</span> <span class='ocrx_word' id='word_1_281' title='bbox 970 4381 1079 4456; x_wconf 91' lang='lat' dir='ltr'>quam</span> <span class='ocrx_word' id='word_1_282' title='bbox 1124 4361 1228 4455; x_wconf 92' lang='lat' dir='ltr'>primi</span> <span class='ocrx_word' id='word_1_283' title='bbox 1276 4356 1404 4430; x_wconf 92' lang='lat' dir='ltr'>Calisti</span> <span class='ocrx_word' id='word_1_284' title='bbox 1438 4371 1477 4430; x_wconf 92' lang='lat' dir='ltr'>et</span> 
     </span>
    </p>
   </div>
   <div class='ocr_carea' id='block_1_5' title="bbox 283 4656 1474 4809">
    <p class='ocr_par' dir='ltr' id='par_1_6' title="bbox 283 4656 1474 4809">
     <span class='ocr_line' id='line_1_35' title="bbox 284 4656 1474 4728; baseline -0.007 -16"><span class='ocrx_word' id='word_1_285' title='bbox 284 4663 319 4726; x_wconf 80' lang='grc' dir='ltr'>(ι)</span> <span class='ocrx_word' id='word_1_286' title='bbox 334 4661 368 4712; x_wconf 84' lang='lat' dir='ltr'>Ci</span> <span class='ocrx_word' id='word_1_287' title='bbox 381 4661 518 4728; x_wconf 84' lang='lat' dir='ltr'>epistolam</span> <span class='ocrx_word' id='word_1_288' title='bbox 536 4678 613 4728; x_wconf 89' lang='lat' dir='ltr'>quam</span> <span class='ocrx_word' id='word_1_289' title='bbox 631 4661 718 4727; x_wconf 89' lang='lat' dir='ltr'>primis</span> <span class='ocrx_word' id='word_1_290' title='bbox 733 4660 868 4710; x_wconf 85' lang='lat' dir='ltr'>comoediae</span> <span class='ocrx_word' id='word_1_291' title='bbox 882 4661 906 4708; x_wconf 92' lang='lat' dir='ltr'><em>F</em></span> <span class='ocrx_word' id='word_1_292' title='bbox 908 4659 1042 4707; x_wconf 81' lang='lat' dir='ltr'>rancesilla</span> <span class='ocrx_word' id='word_1_293' title='bbox 1060 4657 1143 4707; x_wconf 88' lang='lat' dir='ltr'>verbis</span> <span class='ocrx_word' id='word_1_294' title='bbox 1160 4660 1218 4720; x_wconf 75' lang='lat' dir='ltr'>Lupe</span> <span class='ocrx_word' id='word_1_295' title='bbox 1228 4660 1259 4706; x_wconf 79' lang='lat' dir='ltr'>de</span> <span class='ocrx_word' id='word_1_296' title='bbox 1284 4659 1351 4721; x_wconf 78' lang='lat' dir='ltr'>Vegu</span> <span class='ocrx_word' id='word_1_297' title='bbox 1366 4656 1474 4722; x_wconf 85' lang='lat' dir='ltr'>adjecit.</span> 
     </span>
     <span class='ocr_line' id='line_1_36' title="bbox 283 4741 1127 4809; baseline -0.005 -15"><span class='ocrx_word' id='word_1_298' title='bbox 283 4746 319 4809; x_wconf 85' lang='lat'>(2)</span> <span class='ocrx_word' id='word_1_299' title='bbox 333 4742 367 4795; x_wconf 75' lang='lat' dir='ltr'>Cf</span> <span class='ocrx_word' id='word_1_300' title='bbox 379 4759 394 4794; x_wconf 67' lang='lat' dir='ltr'>s</span> <span class='ocrx_word' id='word_1_301' title='bbox 407 4744 441 4794; x_wconf 84' lang='lat' dir='ltr'>El</span> <span class='ocrx_word' id='word_1_302' title='bbox 454 4743 696 4807; x_wconf 76' lang='lat' dir='ltr'>Astrologofingido</span> <span class='ocrx_word' id='word_1_303' title='bbox 707 4759 721 4794; x_wconf 70' lang='lat' dir='ltr'>t</span> <span class='ocrx_word' id='word_1_304' title='bbox 734 4749 760 4794; x_wconf 86' lang='lat' dir='ltr'>et</span> <span class='ocrx_word' id='word_1_305' title='bbox 771 4757 786 4793; x_wconf 69' lang='lat' dir='ltr'>t</span> <span class='ocrx_word' id='word_1_306' title='bbox 800 4744 836 4794; x_wconf 85' lang='lat' dir='ltr'>Le</span> <span class='ocrx_word' id='word_1_307' title='bbox 844 4741 925 4790; x_wconf 83' lang='lat' dir='ltr'>Feint</span> <span class='ocrx_word' id='word_1_308' title='bbox 939 4741 1092 4804; x_wconf 80' lang='lat' dir='ltr'>Astrologue</span> <span class='ocrx_word' id='word_1_309' title='bbox 1105 4755 1127 4790; x_wconf 86' lang='lat'>».</span> 
     </span>
    </p>
   </div>
   <div class='ocr_carea' id='block_1_6' title="bbox 0 0 1698 5458">
    <p class='ocr_par' dir='ltr' id='par_1_7' title="bbox 0 0 1698 5458">
     <span class='ocr_line' id='line_1_37' title="bbox 0 0 1698 5458; baseline 0 7"><span class='ocrx_word' id='word_1_310' title='bbox 0 0 1698 5458; x_wconf 95' lang='lat' dir='ltr'> </span> 
     </span>
    </p>
   </div>
  </div>
 </body>
</html>
