<?xml version="1.0" encoding="UTF-8"?>
<!DOCTYPE html PUBLIC "-//W3C//DTD XHTML 1.0 Transitional//EN"
    "http://www.w3.org/TR/xhtml1/DTD/xhtml1-transitional.dtd">
<html xmlns="http://www.w3.org/1999/xhtml" xml:lang="en" lang="en">
 <head>
  <title>
</title>
<meta http-equiv="Content-Type" content="text/html;charset=utf-8" />
  <meta name='ocr-system' content='tesseract 3.04.00' />
  <meta name='ocr-capabilities' content='ocr_page ocr_carea ocr_par ocr_line ocrx_word'/>
</head>
<body>
  <div class='ocr_page' id='page_1' title='image "./quatenustragico00martgoog_0083.png"; bbox 0 0 3388 5458; ppageno 0'>
   <div class='ocr_carea' id='block_1_1' title="bbox 845 468 1000 548">
    <p class='ocr_par' dir='ltr' id='par_1_1' title="bbox 845 468 1000 548">
     <span class='ocr_line' id='line_1_1' title="bbox 845 468 1000 548; baseline -0.013 -32"><span class='ocrx_word' id='word_1_1' title='bbox 845 468 1000 548; x_wconf 79' lang='lat'>-73..</span> 
     </span>
    </p>
   </div>
   <div class='ocr_carea' id='block_1_2' title="bbox 260 625 1587 4792">
    <p class='ocr_par' dir='ltr' id='par_1_2' title="bbox 300 625 1524 816">
     <span class='ocr_line' id='line_1_2' title="bbox 300 625 1524 726; baseline 0.007 -28"><span class='ocrx_word' id='word_1_2' title='bbox 300 625 492 724; x_wconf 85' lang='lat' dir='ltr'>indignam</span> <span class='ocrx_word' id='word_1_3' title='bbox 557 653 635 700; x_wconf 88' lang='lat' dir='ltr'>esse</span> <span class='ocrx_word' id='word_1_4' title='bbox 683 641 787 726; x_wconf 86' lang='lat' dir='ltr'>putat</span> <span class='ocrx_word' id='word_1_5' title='bbox 828 633 920 702; x_wconf 89' lang='lat' dir='ltr'>sicut</span> <span class='ocrx_word' id='word_1_6' title='bbox 972 629 1144 702; x_wconf 85' lang='lat' dir='ltr'>Melibcae</span> <span class='ocrx_word' id='word_1_7' title='bbox 1187 655 1309 703; x_wconf 89' lang='lat' dir='ltr'>amore</span> <span class='ocrx_word' id='word_1_8' title='bbox 1352 633 1524 706; x_wconf 90' lang='lat' dir='ltr'>dominus</span> 
     </span>
     <span class='ocr_line' id='line_1_3' title="bbox 302 769 458 816; baseline -0.032 -2"><span class='ocrx_word' id='word_1_9' title='bbox 302 769 458 816; x_wconf 81' lang='lat' dir='ltr'>meus.»</span> 
     </span>
    </p>

    <p class='ocr_par' dir='ltr' id='par_1_3' title="bbox 299 857 1527 1192">
     <span class='ocr_line' id='line_1_4' title="bbox 350 857 1526 960; baseline 0.006 -30"><span class='ocrx_word' id='word_1_10' title='bbox 350 857 523 931; x_wconf 88' lang='lat' dir='ltr'>Pecuniae</span> <span class='ocrx_word' id='word_1_11' title='bbox 553 862 623 930; x_wconf 91' lang='lat' dir='ltr'>ista</span> <span class='ocrx_word' id='word_1_12' title='bbox 647 859 803 932; x_wconf 89' lang='lat' dir='ltr'>aviditas</span> <span class='ocrx_word' id='word_1_13' title='bbox 831 886 852 930; x_wconf 87' lang='lat' dir='ltr'>a</span> <span class='ocrx_word' id='word_1_14' title='bbox 886 859 1064 932; x_wconf 82' lang='lat' dir='ltr'>nobiliore</span> <span class='ocrx_word' id='word_1_15' title='bbox 1095 863 1222 934; x_wconf 87' lang='lat' dir='ltr'>Calisti</span> <span class='ocrx_word' id='word_1_16' title='bbox 1260 865 1428 960; x_wconf 80' lang='lat' dir='ltr'>cupidate</span> <span class='ocrx_word' id='word_1_17' title='bbox 1449 865 1526 960; x_wconf 92' lang='lat' dir='ltr'>plu-</span> 
     </span>
     <span class='ocr_line' id='line_1_5' title="bbox 299 973 1527 1078; baseline 0.007 -34"><span class='ocrx_word' id='word_1_18' title='bbox 299 978 429 1047; x_wconf 88' lang='lat' dir='ltr'>rimum</span> <span class='ocrx_word' id='word_1_19' title='bbox 450 973 629 1046; x_wconf 84' lang='lat' dir='ltr'>dissentit.</span> <span class='ocrx_word' id='word_1_20' title='bbox 663 974 782 1047; x_wconf 88' lang='lat' dir='ltr'>Multa</span> <span class='ocrx_word' id='word_1_21' title='bbox 802 1001 884 1047; x_wconf 88' lang='lat' dir='ltr'>vero</span> <span class='ocrx_word' id='word_1_22' title='bbox 904 990 989 1048; x_wconf 92' lang='lat' dir='ltr'>sunt</span> <span class='ocrx_word' id='word_1_23' title='bbox 1014 977 1049 1047; x_wconf 94' lang='lat' dir='ltr'>in</span> <span class='ocrx_word' id='word_1_24' title='bbox 1072 979 1262 1050; x_wconf 77' lang='lat' dir='ltr'>Celestz&#39;ua</span> <span class='ocrx_word' id='word_1_25' title='bbox 1299 1008 1382 1078; x_wconf 85' lang='lat' dir='ltr'>quae</span> <span class='ocrx_word' id='word_1_26' title='bbox 1413 983 1527 1052; x_wconf 86' lang='lat' dir='ltr'>multo</span> 
     </span>
     <span class='ocr_line' id='line_1_6' title="bbox 300 1085 1510 1192; baseline 0.007 -32"><span class='ocrx_word' id='word_1_27' title='bbox 300 1089 417 1187; x_wconf 87' lang='lat' dir='ltr'>magis</span> <span class='ocrx_word' id='word_1_28' title='bbox 433 1091 507 1162; x_wconf 89' lang='lat' dir='ltr'>alia</span> <span class='ocrx_word' id='word_1_29' title='bbox 527 1117 608 1164; x_wconf 92' lang='lat' dir='ltr'>cum</span> <span class='ocrx_word' id='word_1_30' title='bbox 630 1091 712 1163; x_wconf 88' lang='lat' dir='ltr'>aliis</span> <span class='ocrx_word' id='word_1_31' title='bbox 739 1091 946 1187; x_wconf 90' lang='lat' dir='ltr'>discrepant</span> <span class='ocrx_word' id='word_1_32' title='bbox 973 1107 1007 1163; x_wconf 86' lang='lat' dir='ltr'>et</span> <span class='ocrx_word' id='word_1_33' title='bbox 1027 1119 1110 1189; x_wconf 80' lang='lat' dir='ltr'>quae</span> <span class='ocrx_word' id='word_1_34' title='bbox 1132 1095 1284 1168; x_wconf 90' lang='lat' dir='ltr'>ridiculo</span> <span class='ocrx_word' id='word_1_35' title='bbox 1305 1097 1366 1167; x_wconf 85' lang='lat' dir='ltr'>sed</span> <span class='ocrx_word' id='word_1_36' title='bbox 1391 1085 1510 1192; x_wconf 89' lang='lat' dir='ltr'>Hispa</span> 
     </span>
    </p>

    <p class='ocr_par' dir='ltr' id='par_1_4' title="bbox 260 1205 1587 4792">
     <span class='ocr_line' id='line_1_7' title="bbox 290 1205 1524 1304; baseline 0.007 -29"><span class='ocrx_word' id='word_1_37' title='bbox 290 1229 426 1290; x_wconf 50' lang='lat' dir='ltr'>‚norum</span> <span class='ocrx_word' id='word_1_38' title='bbox 451 1210 594 1304; x_wconf 92' lang='lat' dir='ltr'>proprio</span> <span class='ocrx_word' id='word_1_39' title='bbox 626 1205 734 1278; x_wconf 87' lang='lat' dir='ltr'>modo</span> <span class='ocrx_word' id='word_1_40' title='bbox 761 1207 908 1278; x_wconf 86' lang='lat' dir='ltr'>tumidis</span> <span class='ocrx_word' id='word_1_41' title='bbox 929 1221 964 1278; x_wconf 90' lang='lat' dir='ltr'>et</span> <span class='ocrx_word' id='word_1_42' title='bbox 985 1207 1189 1302; x_wconf 85' lang='lat' dir='ltr'>magnificis</span> <span class='ocrx_word' id='word_1_43' title='bbox 1210 1210 1327 1281; x_wconf 83' lang='lat' dir='ltr'>verbis</span> <span class='ocrx_word' id='word_1_44' title='bbox 1357 1211 1459 1282; x_wconf 89' lang='lat' dir='ltr'>rudia</span> <span class='ocrx_word' id='word_1_45' title='bbox 1488 1224 1524 1284; x_wconf 90' lang='lat' dir='ltr'>et</span> 
     </span>
     <span class='ocr_line' id='line_1_8' title="bbox 297 1321 1522 1421; baseline 0.007 -31"><span class='ocrx_word' id='word_1_46' title='bbox 297 1323 478 1394; x_wconf 91' lang='lat' dir='ltr'>inurbana</span> <span class='ocrx_word' id='word_1_47' title='bbox 497 1335 697 1418; x_wconf 90' lang='lat' dir='ltr'>opponunt.</span> <span class='ocrx_word' id='word_1_48' title='bbox 718 1321 781 1394; x_wconf 87' lang='lat' dir='ltr'>Sic</span> <span class='ocrx_word' id='word_1_49' title='bbox 803 1321 1009 1417; x_wconf 90' lang='lat' dir='ltr'>discrepant</span> <span class='ocrx_word' id='word_1_50' title='bbox 1032 1323 1265 1412; x_wconf 62' lang='lat' dir='ltr'>Centurionis¹</span> <span class='ocrx_word' id='word_1_51' title='bbox 1285 1325 1522 1421; x_wconf 79' lang='lat' dir='ltr'>gloriationes</span> 
     </span>
     <span class='ocr_line' id='line_1_9' title="bbox 296 1437 1521 1538; baseline 0.005 -30"><span class='ocrx_word' id='word_1_52' title='bbox 296 1450 330 1509; x_wconf 91' lang='lat' dir='ltr'>et</span> <span class='ocrx_word' id='word_1_53' title='bbox 341 1437 557 1510; x_wconf 84' lang='lat' dir='ltr'>famulorum</span> <span class='ocrx_word' id='word_1_54' title='bbox 572 1437 743 1510; x_wconf 83' lang='lat' dir='ltr'>convitia.</span> <span class='ocrx_word' id='word_1_55' title='bbox 758 1437 822 1509; x_wconf 86' lang='lat' dir='ltr'>Sic</span> <span class='ocrx_word' id='word_1_56' title='bbox 835 1445 984 1510; x_wconf 84' lang='lat' dir='ltr'>Areusae</span> <span class='ocrx_word' id='word_1_57' title='bbox 998 1438 1138 1538; x_wconf 87' lang='lat' dir='ltr'>prpbris</span> <span class='ocrx_word' id='word_1_58' title='bbox 1151 1444 1208 1512; x_wconf 91' lang='lat' dir='ltr'>avi</span> <span class='ocrx_word' id='word_1_59' title='bbox 1225 1445 1278 1512; x_wconf 91' lang='lat' dir='ltr'>sui</span> <span class='ocrx_word' id='word_1_60' title='bbox 1295 1445 1356 1538; x_wconf 90' lang='lat' dir='ltr'>qui</span> <span class='ocrx_word' id='word_1_61' title='bbox 1373 1455 1521 1514; x_wconf 91' lang='lat' dir='ltr'>centum</span> 
     </span>
     <span class='ocr_line' id='line_1_10' title="bbox 296 1552 1522 1654; baseline 0.002 -29"><span class='ocrx_word' id='word_1_62' title='bbox 296 1552 506 1626; x_wconf 89' lang='lat' dir='ltr'>mulieribus</span> <span class='ocrx_word' id='word_1_63' title='bbox 530 1556 718 1650; x_wconf 89' lang='lat' dir='ltr'>imperavit</span> <span class='ocrx_word' id='word_1_64' title='bbox 738 1553 865 1625; x_wconf 90' lang='lat' dir='ltr'>laudes</span> <span class='ocrx_word' id='word_1_65' title='bbox 880 1552 982 1624; x_wconf 91' lang='lat' dir='ltr'>miles</span> <span class='ocrx_word' id='word_1_66' title='bbox 1008 1553 1188 1652; x_wconf 84' lang='lat' dir='ltr'>gloriosus</span> <span class='ocrx_word' id='word_1_67' title='bbox 1218 1560 1430 1654; x_wconf 76' lang='lat' dir='ltr'>interponit.</span> <span class='ocrx_word' id='word_1_68' title='bbox 1455 1559 1522 1629; x_wconf 77' lang='lat' dir='ltr'>Sic</span> 
     </span>
     <span class='ocr_line' id='line_1_11' title="bbox 297 1667 1523 1745; baseline 0.004 -5"><span class='ocrx_word' id='word_1_69' title='bbox 297 1667 417 1744; x_wconf 88' lang='lat' dir='ltr'>Sosiae</span> <span class='ocrx_word' id='word_1_70' title='bbox 452 1669 547 1742; x_wconf 88' lang='lat' dir='ltr'>fictis</span> <span class='ocrx_word' id='word_1_71' title='bbox 584 1683 619 1741; x_wconf 88' lang='lat' dir='ltr'>et</span> <span class='ocrx_word' id='word_1_72' title='bbox 657 1668 866 1742; x_wconf 80' lang='lat' dir='ltr'>meretriciis</span> <span class='ocrx_word' id='word_1_73' title='bbox 911 1667 1101 1742; x_wconf 90' lang='lat' dir='ltr'>blanditiis</span> <span class='ocrx_word' id='word_1_74' title='bbox 1139 1677 1265 1742; x_wconf 85' lang='lat' dir='ltr'>ovanti</span> <span class='ocrx_word' id='word_1_75' title='bbox 1324 1698 1523 1745; x_wconf 81' lang='lat' dir='ltr'>conservus</span> 
     </span>
     <span class='ocr_line' id='line_1_12' title="bbox 298 1783 1517 1884; baseline 0.003 -29"><span class='ocrx_word' id='word_1_76' title='bbox 298 1784 330 1855; x_wconf 89' lang='lat' dir='ltr'><em>T</em></span> <span class='ocrx_word' id='word_1_77' title='bbox 325 1783 448 1858; x_wconf 80' lang='lat' dir='ltr'>rz&#39;stan</span> <span class='ocrx_word' id='word_1_78' title='bbox 465 1789 624 1857; x_wconf 91' lang='lat' dir='ltr'>nominis</span> <span class='ocrx_word' id='word_1_79' title='bbox 644 1785 900 1858; x_wconf 80' lang='lat' dir='ltr'>obscuritatem</span> <span class='ocrx_word' id='word_1_80' title='bbox 920 1797 957 1856; x_wconf 87' lang='lat' dir='ltr'>et</span> <span class='ocrx_word' id='word_1_81' title='bbox 972 1785 1105 1882; x_wconf 91' lang='lat' dir='ltr'>equilis</span> <span class='ocrx_word' id='word_1_82' title='bbox 1125 1800 1261 1860; x_wconf 89' lang='lat' dir='ltr'>stercus</span> <span class='ocrx_word' id='word_1_83' title='bbox 1282 1788 1418 1884; x_wconf 82' lang='lat' dir='ltr'>objicit.</span> <span class='ocrx_word' id='word_1_84' title='bbox 1435 1789 1517 1880; x_wconf 82' lang='lat' dir='ltr'>Qua</span> 
     </span>
     <span class='ocr_line' id='line_1_13' title="bbox 293 1885 1520 2000; baseline 0.006 -30"><span class='ocrx_word' id='word_1_85' title='bbox 293 1901 568 2000; x_wconf 91' lang='lat' dir='ltr'>vaniloquentia</span> <span class='ocrx_word' id='word_1_86' title='bbox 596 1916 630 1974; x_wconf 88' lang='lat' dir='ltr'>et</span> <span class='ocrx_word' id='word_1_87' title='bbox 642 1907 769 1998; x_wconf 91' lang='lat' dir='ltr'>pingui</span> <span class='ocrx_word' id='word_1_88' title='bbox 788 1885 970 1998; x_wconf 82' lang='lat' dir='ltr'>jocatione</span> <span class='ocrx_word' id='word_1_89' title='bbox 990 1906 1082 1975; x_wconf 90' lang='lat' dir='ltr'>risus</span> <span class='ocrx_word' id='word_1_90' title='bbox 1102 1908 1305 1977; x_wconf 90' lang='lat' dir='ltr'>concitatur</span> <span class='ocrx_word' id='word_1_91' title='bbox 1320 1905 1520 1977; x_wconf 86' lang='lat' dir='ltr'>vernaculo</span> 
     </span>
     <span class='ocr_line' id='line_1_14' title="bbox 293 2017 1519 2114; baseline 0.002 -24"><span class='ocrx_word' id='word_1_92' title='bbox 293 2042 421 2114; x_wconf 90' lang='lat' dir='ltr'>sapore</span> <span class='ocrx_word' id='word_1_93' title='bbox 440 2017 645 2090; x_wconf 87' lang='lat' dir='ltr'>distinctus.</span> <span class='ocrx_word' id='word_1_94' title='bbox 681 2018 765 2090; x_wconf 92' lang='lat' dir='ltr'>Non</span> <span class='ocrx_word' id='word_1_95' title='bbox 786 2021 896 2107; x_wconf 88' lang='lat' dir='ltr'>enim,</span> <span class='ocrx_word' id='word_1_96' title='bbox 926 2029 963 2088; x_wconf 89' lang='lat' dir='ltr'>ut</span> <span class='ocrx_word' id='word_1_97' title='bbox 995 2017 1100 2106; x_wconf 84' lang='lat' dir='ltr'>solet,</span> <span class='ocrx_word' id='word_1_98' title='bbox 1123 2019 1169 2090; x_wconf 93' lang='lat' dir='ltr'>ad</span> <span class='ocrx_word' id='word_1_99' title='bbox 1208 2019 1409 2092; x_wconf 82' lang='lat' dir='ltr'>cachinnos</span> <span class='ocrx_word' id='word_1_100' title='bbox 1443 2045 1519 2092; x_wconf 92' lang='lat' dir='ltr'>mo-</span> 
     </span>
     <span class='ocr_line' id='line_1_15' title="bbox 293 2127 1587 2232; baseline 0.001 -26"><span class='ocrx_word' id='word_1_101' title='bbox 293 2132 431 2206; x_wconf 89' lang='lat' dir='ltr'>vendos</span> <span class='ocrx_word' id='word_1_102' title='bbox 450 2132 608 2228; x_wconf 90' lang='lat' dir='ltr'>disparia</span> <span class='ocrx_word' id='word_1_103' title='bbox 628 2145 769 2206; x_wconf 88' lang='lat' dir='ltr'>tantum</span> <span class='ocrx_word' id='word_1_104' title='bbox 785 2134 821 2204; x_wconf 89' lang='lat' dir='ltr'><em>F</em></span> <span class='ocrx_word' id='word_1_105' title='bbox 821 2135 979 2204; x_wconf 75' lang='lat' dir='ltr'>ernaudo</span> <span class='ocrx_word' id='word_1_106' title='bbox 997 2134 1040 2206; x_wconf 85' lang='lat' dir='ltr'>de</span> <span class='ocrx_word' id='word_1_107' title='bbox 1060 2133 1173 2230; x_wconf 84' lang='lat' dir='ltr'>Rojar</span> <span class='ocrx_word' id='word_1_108' title='bbox 1192 2133 1310 2230; x_wconf 83' lang='lat' dir='ltr'>jungit</span> <span class='ocrx_word' id='word_1_109' title='bbox 1341 2135 1405 2207; x_wconf 93' lang='lat' dir='ltr'>sed</span> <span class='ocrx_word' id='word_1_110' title='bbox 1434 2161 1519 2232; x_wconf 87' lang='lat' dir='ltr'>quae</span> <span class='ocrx_word' id='word_1_111' title='bbox 1574 2127 1587 2138; x_wconf 66' lang='grc'><strong>”</strong></span> 
     </span>
     <span class='ocr_line' id='line_1_16' title="bbox 294 2246 1522 2345; baseline 0.001 -24"><span class='ocrx_word' id='word_1_112' title='bbox 294 2249 451 2326; x_wconf 88' lang='lat' dir='ltr'>maxime</span> <span class='ocrx_word' id='word_1_113' title='bbox 467 2248 541 2321; x_wconf 90' lang='lat' dir='ltr'>alia</span> <span class='ocrx_word' id='word_1_114' title='bbox 572 2246 655 2320; x_wconf 92' lang='lat' dir='ltr'>aliis</span> <span class='ocrx_word' id='word_1_115' title='bbox 679 2248 912 2344; x_wconf 79' lang='lat' dir='ltr'>refragentur.</span> <span class='ocrx_word' id='word_1_116' title='bbox 931 2247 1053 2322; x_wconf 84' lang='lat' dir='ltr'>Nullae</span> <span class='ocrx_word' id='word_1_117' title='bbox 1071 2263 1191 2322; x_wconf 90' lang='lat' dir='ltr'>autem</span> <span class='ocrx_word' id='word_1_118' title='bbox 1213 2274 1268 2322; x_wconf 93' lang='lat' dir='ltr'>res</span> <span class='ocrx_word' id='word_1_119' title='bbox 1289 2254 1407 2345; x_wconf 87' lang='lat' dir='ltr'>m&#39;agis</span> <span class='ocrx_word' id='word_1_120' title='bbox 1426 2254 1522 2322; x_wconf 89' lang='lat' dir='ltr'>inter</span> 
     </span>
     <span class='ocr_line' id='line_1_17' title="bbox 260 2365 1519 2463; baseline -0.002 -24"><span class='ocrx_word' id='word_1_121' title='bbox 260 2393 263 2402; x_wconf 90' lang='lat'><em>·</em></span> <span class='ocrx_word' id='word_1_122' title='bbox 294 2392 332 2439; x_wconf 92' lang='lat' dir='ltr'>se</span> <span class='ocrx_word' id='word_1_123' title='bbox 351 2380 518 2462; x_wconf 89' lang='lat' dir='ltr'>pugnant</span> <span class='ocrx_word' id='word_1_124' title='bbox 556 2391 664 2463; x_wconf 91' lang='lat' dir='ltr'>quam</span> <span class='ocrx_word' id='word_1_125' title='bbox 699 2365 927 2438; x_wconf 90' lang='lat' dir='ltr'>dominorum</span> <span class='ocrx_word' id='word_1_126' title='bbox 968 2365 1203 2439; x_wconf 90' lang='lat' dir='ltr'>liberalitates</span> <span class='ocrx_word' id='word_1_127' title='bbox 1242 2385 1276 2439; x_wconf 88' lang='lat' dir='ltr'>et</span> <span class='ocrx_word' id='word_1_128' title='bbox 1302 2367 1519 2440; x_wconf 83' lang='lat' dir='ltr'>famulorum</span> 
     </span>
     <span class='ocr_line' id='line_1_18' title="bbox 292 2480 1519 2578; baseline 0.001 -24"><span class='ocrx_word' id='word_1_129' title='bbox 292 2483 427 2554; x_wconf 88' lang='lat' dir='ltr'>sordes.</span> <span class='ocrx_word' id='word_1_130' title='bbox 446 2483 542 2576; x_wconf 82' lang='lat' dir='ltr'>Quae</span> <span class='ocrx_word' id='word_1_131' title='bbox 563 2485 656 2554; x_wconf 91' lang='lat' dir='ltr'>inter</span> <span class='ocrx_word' id='word_1_132' title='bbox 675 2506 713 2553; x_wconf 90' lang='lat' dir='ltr'>se</span> <span class='ocrx_word' id='word_1_133' title='bbox 734 2485 915 2553; x_wconf 90' lang='lat' dir='ltr'>contraria</span> <span class='ocrx_word' id='word_1_134' title='bbox 929 2480 1062 2576; x_wconf 92' lang='lat' dir='ltr'>priores</span> <span class='ocrx_word' id='word_1_135' title='bbox 1080 2481 1153 2576; x_wconf 83' lang='lat' dir='ltr'>jam</span> <span class='ocrx_word' id='word_1_136' title='bbox 1184 2483 1429 2578; x_wconf 88' lang='lat' dir='ltr'>Hispanorum</span> <span class='ocrx_word' id='word_1_137' title='bbox 1460 2507 1519 2555; x_wconf 91' lang='lat' dir='ltr'>co-</span> 
     </span>
     <span class='ocr_line' id='line_1_19' title="bbox 293 2595 1518 2694; baseline -0.004 -24"><span class='ocrx_word' id='word_1_138' title='bbox 293 2597 393 2670; x_wconf 90' lang='lat' dir='ltr'>dices</span> <span class='ocrx_word' id='word_1_139' title='bbox 407 2597 505 2670; x_wconf 92' lang='lat' dir='ltr'>velut</span> <span class='ocrx_word' id='word_1_140' title='bbox 524 2597 647 2694; x_wconf 91' lang='lat' dir='ltr'>primis</span> <span class='ocrx_word' id='word_1_141' title='bbox 676 2597 782 2670; x_wconf 87' lang='lat' dir='ltr'>lineis</span> <span class='ocrx_word' id='word_1_142' title='bbox 802 2595 1060 2693; x_wconf 86' lang='lat' dir='ltr'>designabant,</span> <span class='ocrx_word' id='word_1_143' title='bbox 1084 2623 1127 2668; x_wconf 84' lang='lat' dir='ltr'>ea</span> <span class='ocrx_word' id='word_1_144' title='bbox 1153 2596 1343 2671; x_wconf 73' lang='lat' dir='ltr'>Calactino</span> <span class='ocrx_word' id='word_1_145' title='bbox 1364 2597 1518 2669; x_wconf 91' lang='lat' dir='ltr'>clariore</span> 
     </span>
     <span class='ocr_line' id='line_1_20' title="bbox 293 2712 1517 2810; baseline -0.005 -22"><span class='ocrx_word' id='word_1_146' title='bbox 293 2714 405 2788; x_wconf 80' lang='lat' dir='ltr'>torma</span> <span class='ocrx_word' id='word_1_147' title='bbox 420 2713 604 2786; x_wconf 81' lang='lat' dir='ltr'>describit.</span> <span class='ocrx_word' id='word_1_148' title='bbox 624 2715 708 2788; x_wconf 92' lang='lat' dir='ltr'>Non</span> <span class='ocrx_word' id='word_1_149' title='bbox 739 2739 827 2786; x_wconf 87' lang='lat' dir='ltr'>sane</span> <span class='ocrx_word' id='word_1_150' title='bbox 854 2712 979 2785; x_wconf 90' lang='lat' dir='ltr'>dubito</span> <span class='ocrx_word' id='word_1_151' title='bbox 999 2718 1088 2810; x_wconf 94' lang='lat' dir='ltr'>quin</span> <span class='ocrx_word' id='word_1_152' title='bbox 1108 2713 1227 2785; x_wconf 91' lang='lat' dir='ltr'>simile</span> <span class='ocrx_word' id='word_1_153' title='bbox 1242 2713 1381 2810; x_wconf 92' lang='lat' dir='ltr'>aliquid</span> <span class='ocrx_word' id='word_1_154' title='bbox 1420 2713 1517 2809; x_wconf 91' lang='lat' dir='ltr'>apud</span> 
     </span>
     <span class='ocr_line' id='line_1_21' title="bbox 293 2828 1519 2926; baseline -0.003 -22"><span class='ocrx_word' id='word_1_155' title='bbox 293 2853 420 2904; x_wconf 89' lang='lat' dir='ltr'>omnes</span> <span class='ocrx_word' id='word_1_156' title='bbox 439 2829 629 2903; x_wconf 92' lang='lat' dir='ltr'>hominum</span> <span class='ocrx_word' id='word_1_157' title='bbox 650 2829 792 2902; x_wconf 89' lang='lat' dir='ltr'>animos</span> <span class='ocrx_word' id='word_1_158' title='bbox 826 2853 967 2926; x_wconf 90' lang='lat' dir='ltr'>semper</span> <span class='ocrx_word' id='word_1_159' title='bbox 995 2832 1192 2926; x_wconf 88' lang='lat' dir='ltr'>reperiatur</span> <span class='ocrx_word' id='word_1_160' title='bbox 1211 2854 1362 2926; x_wconf 92' lang='lat' dir='ltr'>quorum</span> <span class='ocrx_word' id='word_1_161' title='bbox 1383 2828 1519 2926; x_wconf 89' lang='lat' dir='ltr'>duplex</span> 
     </span>
     <span class='ocr_line' id='line_1_22' title="bbox 292 2943 1518 3043; baseline -0.002 -24"><span class='ocrx_word' id='word_1_162' title='bbox 292 2960 346 3020; x_wconf 88' lang='lat' dir='ltr'>est</span> <span class='ocrx_word' id='word_1_163' title='bbox 374 2949 438 3034; x_wconf 89' lang='lat' dir='ltr'>vis,</span> <span class='ocrx_word' id='word_1_164' title='bbox 471 2971 552 3018; x_wconf 94' lang='lat' dir='ltr'>cum</span> <span class='ocrx_word' id='word_1_165' title='bbox 584 2971 658 3020; x_wconf 90' lang='lat' dir='ltr'>una</span> <span class='ocrx_word' id='word_1_166' title='bbox 677 2969 759 3043; x_wconf 91' lang='lat' dir='ltr'>pars</span> <span class='ocrx_word' id='word_1_167' title='bbox 780 2949 817 3016; x_wconf 91' lang='lat' dir='ltr'>in</span> <span class='ocrx_word' id='word_1_168' title='bbox 841 2945 1015 3041; x_wconf 85' lang='lat' dir='ltr'>appetitu,</span> <span class='ocrx_word' id='word_1_169' title='bbox 1048 2945 1160 3017; x_wconf 85' lang='lat' dir='ltr'>altera</span> <span class='ocrx_word' id='word_1_170' title='bbox 1181 2959 1308 3017; x_wconf 90' lang='lat' dir='ltr'>contra</span> <span class='ocrx_word' id='word_1_171' title='bbox 1327 2947 1364 3016; x_wconf 93' lang='lat' dir='ltr'>in</span> <span class='ocrx_word' id='word_1_172' title='bbox 1390 2943 1518 3017; x_wconf 92' lang='lat' dir='ltr'>divino</span> 
     </span>
     <span class='ocr_line' id='line_1_23' title="bbox 292 3060 1518 3158; baseline -0.004 -22"><span class='ocrx_word' id='word_1_173' title='bbox 292 3062 466 3136; x_wconf 87' lang='lat' dir='ltr'>instinctu</span> <span class='ocrx_word' id='word_1_174' title='bbox 486 3066 605 3158; x_wconf 91' lang='lat' dir='ltr'>posita</span> <span class='ocrx_word' id='word_1_175' title='bbox 620 3065 679 3134; x_wconf 89' lang='lat' dir='ltr'>sit.</span> <span class='ocrx_word' id='word_1_176' title='bbox 707 3060 785 3134; x_wconf 86' lang='lat' dir='ltr'>lllae</span> <span class='ocrx_word' id='word_1_177' title='bbox 814 3085 897 3132; x_wconf 90' lang='lat' dir='ltr'>vero</span> <span class='ocrx_word' id='word_1_178' title='bbox 917 3061 1030 3134; x_wconf 88' lang='lat' dir='ltr'>altera</span> <span class='ocrx_word' id='word_1_179' title='bbox 1054 3060 1101 3132; x_wconf 91' lang='lat' dir='ltr'>ab</span> <span class='ocrx_word' id='word_1_180' title='bbox 1124 3060 1237 3134; x_wconf 88' lang='lat' dir='ltr'>altera</span> <span class='ocrx_word' id='word_1_181' title='bbox 1264 3061 1518 3133; x_wconf 90' lang='lat' dir='ltr'>discordantes</span> 
     </span>
     <span class='ocr_line' id='line_1_24' title="bbox 292 3176 1518 3275; baseline -0.002 -25"><span class='ocrx_word' id='word_1_182' title='bbox 292 3191 411 3275; x_wconf 88' lang='lat' dir='ltr'>partes</span> <span class='ocrx_word' id='word_1_183' title='bbox 440 3204 515 3250; x_wconf 91' lang='lat' dir='ltr'>non</span> <span class='ocrx_word' id='word_1_184' title='bbox 544 3177 660 3250; x_wconf 90' lang='lat' dir='ltr'>solum</span> <span class='ocrx_word' id='word_1_185' title='bbox 700 3176 814 3250; x_wconf 90' lang='lat' dir='ltr'>multo</span> <span class='ocrx_word' id='word_1_186' title='bbox 853 3179 969 3275; x_wconf 86' lang='lat' dir='ltr'>magis</span> <span class='ocrx_word' id='word_1_187' title='bbox 1001 3176 1163 3272; x_wconf 89' lang='lat' dir='ltr'>dispares</span> <span class='ocrx_word' id='word_1_188' title='bbox 1196 3177 1292 3274; x_wconf 90' lang='lat' dir='ltr'>apud</span> <span class='ocrx_word' id='word_1_189' title='bbox 1328 3178 1518 3272; x_wconf 91' lang='lat' dir='ltr'>Hispanos</span> 
     </span>
     <span class='ocr_line' id='line_1_25' title="bbox 292 3292 1517 3391; baseline -0.003 -25"><span class='ocrx_word' id='word_1_190' title='bbox 292 3309 480 3391; x_wconf 90' lang='lat' dir='ltr'>apparent,</span> <span class='ocrx_word' id='word_1_191' title='bbox 497 3295 560 3366; x_wconf 90' lang='lat' dir='ltr'>sed</span> <span class='ocrx_word' id='word_1_192' title='bbox 580 3297 690 3366; x_wconf 91' lang='lat' dir='ltr'>etiam</span> <span class='ocrx_word' id='word_1_193' title='bbox 728 3292 871 3366; x_wconf 88' lang='lat' dir='ltr'>duobus</span> <span class='ocrx_word' id='word_1_194' title='bbox 908 3316 1139 3388; x_wconf 88' lang='lat' dir='ltr'>personarum</span> <span class='ocrx_word' id='word_1_195' title='bbox 1173 3293 1369 3391; x_wconf 88' lang='lat' dir='ltr'>generibus</span> <span class='ocrx_word' id='word_1_196' title='bbox 1399 3295 1517 3388; x_wconf 88' lang='lat' dir='ltr'>expri-</span> 
     </span>
     <span class='ocr_line' id='line_1_26' title="bbox 292 3406 1519 3508; baseline -0.002 -26"><span class='ocrx_word' id='word_1_197' title='bbox 292 3424 438 3484; x_wconf 93' lang='lat' dir='ltr'>muntur</span> <span class='ocrx_word' id='word_1_198' title='bbox 465 3409 596 3508; x_wconf 91' lang='lat' dir='ltr'>quibus</span> <span class='ocrx_word' id='word_1_199' title='bbox 625 3409 836 3483; x_wconf 88' lang='lat' dir='ltr'>illustriores</span> <span class='ocrx_word' id='word_1_200' title='bbox 866 3407 978 3480; x_wconf 87' lang='lat' dir='ltr'>nullae</span> <span class='ocrx_word' id='word_1_201' title='bbox 1016 3421 1100 3480; x_wconf 91' lang='lat' dir='ltr'>sunt</span> <span class='ocrx_word' id='word_1_202' title='bbox 1121 3435 1229 3505; x_wconf 89' lang='lat' dir='ltr'>quam</span> <span class='ocrx_word' id='word_1_203' title='bbox 1260 3411 1343 3481; x_wconf 80' lang='lat' dir='ltr'>Don</span> <span class='ocrx_word' id='word_1_204' title='bbox 1364 3406 1519 3505; x_wconf 62' lang='lat' dir='ltr'>Quijote</span> 
     </span>
     <span class='ocr_line' id='line_1_27' title="bbox 291 3522 1517 3620; baseline -0.006 -20"><span class='ocrx_word' id='word_1_205' title='bbox 291 3539 326 3600; x_wconf 89' lang='lat' dir='ltr'>et</span> <span class='ocrx_word' id='word_1_206' title='bbox 343 3529 481 3601; x_wconf 73' lang='lat' dir='ltr'>Sancite</span> <span class='ocrx_word' id='word_1_207' title='bbox 499 3528 634 3620; x_wconf 62' lang='lat' dir='ltr'>Pansa.</span> <span class='ocrx_word' id='word_1_208' title='bbox 665 3527 798 3616; x_wconf 88' lang='lat' dir='ltr'>Nonne</span> <span class='ocrx_word' id='word_1_209' title='bbox 818 3524 884 3596; x_wconf 92' lang='lat' dir='ltr'>tibi</span> <span class='ocrx_word' id='word_1_210' title='bbox 907 3522 1052 3596; x_wconf 78' lang='lat' dir='ltr'>Calz&#39;sto</span> <span class='ocrx_word' id='word_1_211' title='bbox 1073 3524 1269 3596; x_wconf 50' lang='lat' dir='ltr'>Melibea‘m</span> <span class='ocrx_word' id='word_1_212' title='bbox 1295 3524 1423 3596; x_wconf 90' lang='lat' dir='ltr'>eodem</span> <span class='ocrx_word' id='word_1_213' title='bbox 1451 3523 1517 3593; x_wconf 89' lang='lat' dir='ltr'>im-</span> 
     </span>
     <span class='ocr_line' id='line_1_28' title="bbox 291 3639 1518 3741; baseline -0.007 -24"><span class='ocrx_word' id='word_1_214' title='bbox 291 3657 377 3741; x_wconf 89' lang='lat' dir='ltr'>petu</span> <span class='ocrx_word' id='word_1_215' title='bbox 405 3643 593 3740; x_wconf 88' lang='lat' dir='ltr'>deliroque</span> <span class='ocrx_word' id='word_1_216' title='bbox 609 3642 736 3714; x_wconf 91' lang='lat' dir='ltr'>ardore</span> <span class='ocrx_word' id='word_1_217' title='bbox 756 3639 935 3714; x_wconf 86' lang='lat' dir='ltr'>interdum</span> <span class='ocrx_word' id='word_1_218' title='bbox 970 3645 1139 3736; x_wconf 89' lang='lat' dir='ltr'>prosequi</span> <span class='ocrx_word' id='word_1_219' title='bbox 1160 3640 1298 3714; x_wconf 90' lang='lat' dir='ltr'>videtur</span> <span class='ocrx_word' id='word_1_220' title='bbox 1331 3665 1438 3737; x_wconf 88' lang='lat' dir='ltr'>quem</span> <span class='ocrx_word' id='word_1_221' title='bbox 1478 3639 1518 3710; x_wconf 93' lang='lat' dir='ltr'>in</span> 
     </span>
     <span class='ocr_line' id='line_1_29' title="bbox 292 3755 1519 3856; baseline -0.007 -23"><span class='ocrx_word' id='word_1_222' title='bbox 292 3764 448 3833; x_wconf 88' lang='lat' dir='ltr'>amentis</span> <span class='ocrx_word' id='word_1_223' title='bbox 471 3763 605 3856; x_wconf 89' lang='lat' dir='ltr'>equitis</span> <span class='ocrx_word' id='word_1_224' title='bbox 626 3784 700 3831; x_wconf 89' lang='lat' dir='ltr'>non</span> <span class='ocrx_word' id='word_1_225' title='bbox 726 3757 861 3846; x_wconf 86' lang='lat' dir='ltr'>anim0‚</span> <span class='ocrx_word' id='word_1_226' title='bbox 882 3756 944 3828; x_wconf 91' lang='lat' dir='ltr'>sed</span> <span class='ocrx_word' id='word_1_227' title='bbox 966 3760 1190 3851; x_wconf 87' lang='lat' dir='ltr'>cogitatione</span> <span class='ocrx_word' id='word_1_228' title='bbox 1220 3755 1403 3828; x_wconf 82' lang='lat' dir='ltr'>Dulcz&#39;nea</span> <span class='ocrx_word' id='word_1_229' title='bbox 1419 3758 1519 3826; x_wconf 87' lang='lat' dir='ltr'>exci-</span> 
     </span>
     <span class='ocr_line' id='line_1_30' title="bbox 290 3868 1521 3970; baseline -0.007 -20"><span class='ocrx_word' id='word_1_230' title='bbox 290 3877 374 3950; x_wconf 77' lang='lat' dir='ltr'>tat?</span> <span class='ocrx_word' id='word_1_231' title='bbox 403 3876 537 3951; x_wconf 92' lang='lat' dir='ltr'>Nonne</span> <span class='ocrx_word' id='word_1_232' title='bbox 557 3874 665 3948; x_wconf 86' lang='lat' dir='ltr'>etiam</span> <span class='ocrx_word' id='word_1_233' title='bbox 695 3869 921 3970; x_wconf 77' lang='lat' dir='ltr'>Sempronio,</span> <span class='ocrx_word' id='word_1_234' title='bbox 941 3869 1034 3943; x_wconf 91' lang='lat' dir='ltr'>sicut</span> <span class='ocrx_word' id='word_1_235' title='bbox 1053 3875 1202 3968; x_wconf 86' lang='lat' dir='ltr'>pinguis</span> <span class='ocrx_word' id='word_1_236' title='bbox 1230 3871 1291 3943; x_wconf 93' lang='lat' dir='ltr'>ille</span> <span class='ocrx_word' id='word_1_237' title='bbox 1306 3868 1462 3944; x_wconf 86' lang='lat' dir='ltr'>lamulus</span> <span class='ocrx_word' id='word_1_238' title='bbox 1482 3885 1521 3941; x_wconf 90' lang='lat' dir='ltr'>et</span> 
     </span>
     <span class='ocr_line' id='line_1_31' title="bbox 290 3986 1519 4083; baseline -0.005 -20"><span class='ocrx_word' id='word_1_239' title='bbox 290 3991 600 4066; x_wconf 86' lang='lat' dir='ltr'>immortalitatem</span> <span class='ocrx_word' id='word_1_240' title='bbox 638 3999 838 4078; x_wconf 86' lang='lat' dir='ltr'>assecutus,</span> <span class='ocrx_word' id='word_1_241' title='bbox 885 3990 1070 4058; x_wconf 93' lang='lat' dir='ltr'>communi</span> <span class='ocrx_word' id='word_1_242' title='bbox 1090 4012 1200 4058; x_wconf 91' lang='lat' dir='ltr'>sensu</span> <span class='ocrx_word' id='word_1_243' title='bbox 1219 4000 1253 4059; x_wconf 89' lang='lat' dir='ltr'>et</span> <span class='ocrx_word' id='word_1_244' title='bbox 1292 3986 1519 4083; x_wconf 87' lang='lat' dir='ltr'>loquacitate</span> 
     </span>
     <span class='ocr_line' id='line_1_32' title="bbox 290 4098 1518 4204; baseline -0.007 -24"><span class='ocrx_word' id='word_1_245' title='bbox 290 4106 459 4181; x_wconf 85' lang='lat' dir='ltr'>mulieres</span> <span class='ocrx_word' id='word_1_246' title='bbox 480 4105 633 4204; x_wconf 81' lang='lat' dir='ltr'>despicit</span> <span class='ocrx_word' id='word_1_247' title='bbox 651 4117 686 4178; x_wconf 89' lang='lat' dir='ltr'>et</span> <span class='ocrx_word' id='word_1_248' title='bbox 717 4104 884 4176; x_wconf 88' lang='lat' dir='ltr'>homines</span> <span class='ocrx_word' id='word_1_249' title='bbox 904 4101 1025 4174; x_wconf 89' lang='lat' dir='ltr'>illudit</span> <span class='ocrx_word' id='word_1_250' title='bbox 1040 4103 1056 4173; x_wconf 74' lang='lat' dir='ltr'>l</span> <span class='ocrx_word' id='word_1_251' title='bbox 1070 4101 1167 4194; x_wconf 81' lang='lat' dir='ltr'>Quid</span> <span class='ocrx_word' id='word_1_252' title='bbox 1184 4103 1280 4199; x_wconf 90' lang='lat' dir='ltr'>quod</span> <span class='ocrx_word' id='word_1_253' title='bbox 1303 4127 1377 4172; x_wconf 92' lang='lat' dir='ltr'>non</span> <span class='ocrx_word' id='word_1_254' title='bbox 1409 4098 1518 4172; x_wconf 88' lang='lat' dir='ltr'>aliter</span> 
     </span>
     <span class='ocr_line' id='line_1_33' title="bbox 291 4215 1516 4322; baseline -0.008 -24"><span class='ocrx_word' id='word_1_255' title='bbox 291 4237 401 4322; x_wconf 87' lang='lat' dir='ltr'>quam</span> <span class='ocrx_word' id='word_1_256' title='bbox 434 4235 559 4320; x_wconf 85' lang='lat' dir='ltr'>postea</span> <span class='ocrx_word' id='word_1_257' title='bbox 590 4226 789 4296; x_wconf 79' lang='lat' dir='ltr'>Cervantes</span> <span class='ocrx_word' id='word_1_258' title='bbox 817 4224 927 4291; x_wconf 91' lang='lat' dir='ltr'>risum</span> <span class='ocrx_word' id='word_1_259' title='bbox 947 4219 1141 4290; x_wconf 80' lang='lat' dir='ltr'>Fernando</span> <span class='ocrx_word' id='word_1_260' title='bbox 1167 4219 1210 4290; x_wconf 84' lang='lat' dir='ltr'>de</span> <span class='ocrx_word' id='word_1_261' title='bbox 1237 4215 1353 4317; x_wconf 75' lang='lat' dir='ltr'>Rosos</span> <span class='ocrx_word' id='word_1_262' title='bbox 1368 4240 1516 4288; x_wconf 86' lang='lat' dir='ltr'>movere</span> 
     </span>
     <span class='ocr_line' id='line_1_34' title="bbox 291 4334 1513 4436; baseline -0.008 -22"><span class='ocrx_word' id='word_1_263' title='bbox 291 4354 444 4414; x_wconf 89' lang='lat' dir='ltr'>conatur</span> <span class='ocrx_word' id='word_1_264' title='bbox 469 4339 554 4412; x_wconf 95' lang='lat' dir='ltr'>dum</span> <span class='ocrx_word' id='word_1_265' title='bbox 572 4341 709 4436; x_wconf 85' lang='lat' dir='ltr'>capiti,</span> <span class='ocrx_word' id='word_1_266' title='bbox 731 4351 771 4410; x_wconf 88' lang='lat' dir='ltr'>ut</span> <span class='ocrx_word' id='word_1_267' title='bbox 797 4340 848 4408; x_wconf 93' lang='lat' dir='ltr'>ita</span> <span class='ocrx_word' id='word_1_268' title='bbox 872 4334 1003 4422; x_wconf 89' lang='lat' dir='ltr'>dicam,</span> <span class='ocrx_word' id='word_1_269' title='bbox 1041 4345 1203 4407; x_wconf 92' lang='lat' dir='ltr'>ventrem</span> <span class='ocrx_word' id='word_1_270' title='bbox 1237 4357 1377 4430; x_wconf 88' lang='lat' dir='ltr'>semper</span> <span class='ocrx_word' id='word_1_271' title='bbox 1401 4357 1513 4428; x_wconf 93' lang='lat' dir='ltr'>oppo-</span> 
     </span>
     <span class='ocr_line' id='line_1_35' title="bbox 290 4445 1508 4550; baseline -0.008 -19"><span class='ocrx_word' id='word_1_272' title='bbox 290 4459 372 4531; x_wconf 77' lang='lat' dir='ltr'>nit?</span> <span class='ocrx_word' id='word_1_273' title='bbox 401 4486 419 4525; x_wconf 90' lang='lat'>«</span> <span class='ocrx_word' id='word_1_274' title='bbox 442 4458 475 4529; x_wconf 92' lang='lat' dir='ltr'><strong>A</strong></span> <span class='ocrx_word' id='word_1_275' title='bbox 498 4455 670 4528; x_wconf 88' lang='lat' dir='ltr'>Melibeae</span> <span class='ocrx_word' id='word_1_276' title='bbox 690 4452 843 4550; x_wconf 90' lang='lat' dir='ltr'>capillis,</span> <span class='ocrx_word' id='word_1_277' title='bbox 869 4455 987 4549; x_wconf 91' lang='lat' dir='ltr'>inquit</span> <span class='ocrx_word' id='word_1_278' title='bbox 1009 4449 1169 4540; x_wconf 73' lang='lat' dir='ltr'>calisto,</span> <span class='ocrx_word' id='word_1_279' title='bbox 1203 4471 1299 4522; x_wconf 91' lang='lat' dir='ltr'>nunc</span> <span class='ocrx_word' id='word_1_280' title='bbox 1320 4445 1508 4543; x_wconf 85' lang='lat' dir='ltr'>incipiam.</span> 
     </span>
     <span class='ocr_line' id='line_1_36' title="bbox 289 4563 1508 4653; baseline -0.01 -7"><span class='ocrx_word' id='word_1_281' title='bbox 289 4573 536 4648; x_wconf 84' lang='lat' dir='ltr'>Vidistinetu</span> <span class='ocrx_word' id='word_1_282' title='bbox 563 4571 752 4644; x_wconf 88' lang='lat' dir='ltr'>filamenta</span> <span class='ocrx_word' id='word_1_283' title='bbox 771 4594 880 4642; x_wconf 90' lang='lat' dir='ltr'>aurea</span> <span class='ocrx_word' id='word_1_284' title='bbox 900 4565 1161 4639; x_wconf 90' lang='lat' dir='ltr'>delicatissimo</span> <span class='ocrx_word' id='word_1_285' title='bbox 1200 4563 1347 4638; x_wconf 91' lang='lat' dir='ltr'>metallo</span> <span class='ocrx_word' id='word_1_286' title='bbox 1385 4563 1508 4653; x_wconf 87' lang='lat' dir='ltr'>ducta,</span> 
     </span>
     <span class='ocr_line' id='line_1_37' title="bbox 290 4680 1513 4792; baseline -0.011 -27"><span class='ocrx_word' id='word_1_287' title='bbox 290 4689 411 4792; x_wconf 87' lang='lat' dir='ltr'>qualia</span> <span class='ocrx_word' id='word_1_288' title='bbox 438 4689 678 4764; x_wconf 84' lang='lat' dir='ltr'>ducunturin</span> <span class='ocrx_word' id='word_1_289' title='bbox 710 4685 876 4759; x_wconf 76' lang='lat' dir='ltr'>Arabia?</span> <span class='ocrx_word' id='word_1_290' title='bbox 906 4682 1135 4756; x_wconf 89' lang='lat' dir='ltr'>Pulchriores</span> <span class='ocrx_word' id='word_1_291' title='bbox 1155 4693 1239 4756; x_wconf 87' lang='lat' dir='ltr'>sunt</span> <span class='ocrx_word' id='word_1_292' title='bbox 1258 4680 1431 4756; x_wconf 82' lang='lat' dir='ltr'>Melibeae</span> <span class='ocrx_word' id='word_1_293' title='bbox 1451 4705 1513 4752; x_wconf 91' lang='lat' dir='ltr'>ca-</span> 
     </span>
    </p>
   </div>
   <div class='ocr_carea' id='block_1_3' title="bbox 0 0 1698 5458">
    <p class='ocr_par' dir='ltr' id='par_1_5' title="bbox 0 0 1698 5458">
     <span class='ocr_line' id='line_1_38' title="bbox 0 0 1698 5458; baseline 0 2"><span class='ocrx_word' id='word_1_294' title='bbox 0 0 1698 5458; x_wconf 95' lang='lat' dir='ltr'> </span> 
     </span>
    </p>
   </div>
  </div>
 </body>
</html>
