3388 5458
857 486 1013 550 ψ-

325 630 444 702 causis
464 627 607 702 deserit.
628 626 728 722 Quid
744 627 846 702 estin
859 629 1050 704 celestino
1067 645 1186 704 causae
1207 657 1268 704 cur
1284 631 1346 704 ille
1374 632 1549 715 exsultet,

323 744 405 818 haec
433 757 554 818 autem
579 747 753 842 ingemat,
785 770 848 818 cur
874 744 925 817 illi
956 745 1174 836 alliciantur,
1201 747 1237 818 hi
1256 773 1340 821 vero
1358 747 1548 822 trucident

325 874 387 935 aut
402 863 583 959 pereant?
610 863 794 950 Amorem,
818 887 978 935 amorem
999 888 1140 960 semper
1159 864 1345 937 incusabis
1360 869 1435 963 qui,
1460 869 1550 964 quia

324 978 513 1051 hominum
553 976 757 1051 moderator
785 979 856 1050 dici
886 991 1017 1075 potest,
1047 982 1085 1050 in
1128 985 1367 1053 recentiorum
1403 981 1550 1054 theatro

321 1095 919 1191 magismagisquedominabitur.

374 1210 551 1304 Quamvis
565 1213 604 1309 'vi
640 1213 799 1282 maxima
819 1237 920 1282 amor
949 1211 1009 1283 ille
1043 1211 1302 1308 progrediatur,
1327 1238 1401 1284 non
1431 1210 1461 1284 is
1497 1221 1552 1282 est

323 1338 448 1398 tamen
464 1328 521 1398 cui
543 1324 633 1397 nihil
662 1325 969 1422 unquamobstet.
1011 1329 1087 1398 Nec
1126 1353 1169 1398 ea
1206 1326 1323 1398 solum
1362 1326 1444 1398 dico
1465 1351 1552 1424 quae

325 1444 484 1514 externis
504 1444 623 1514 causis
640 1445 895 1538 superveniant
914 1475 920 1530 ;
944 1441 1006 1512 sed
1023 1441 1167 1514 intimos
1185 1468 1312 1514 sensus
1336 1457 1371 1515 et
1399 1454 1553 1538 accepta

326 1569 511 1655 praecepta
554 1557 722 1653 significo
769 1583 852 1653 quae
903 1557 1048 1628 effrenis
1100 1557 1360 1654 cupiditatibus
1402 1557 1552 1629 modum

327 1671 499 1745 adhibere
519 1685 708 1746 conantur.
732 1673 825 1746 Cum
846 1684 965 1744 autem
1005 1673 1145 1753 diversa
1179 1673 1275 1770 apud
1308 1673 1466 1746 diversos
1491 1699 1553 1769 po·

326 1787 431 1886 pulos
452 1813 494 1860 ea
518 1791 590 1860 sint
621 1813 705 1885 quae
733 1814 800 1860 nos
828 1788 914 1884 quid
951 1787 1148 1860 debeamus
1176 1789 1342 1878 doceant,
1370 1815 1552 1888 nusquam

329 1907 447 2000 magis
463 1929 571 2000 quam
593 1903 690 2000 apud
708 1905 894 2000 Hispanos
920 1903 1093 2000 peculiari
1114 1916 1151 1976 et
1172 1908 1262 1977 mira
1290 1904 1403 1978 lorma
1424 1904 1554 1978 induta

328 2032 425 2092 sunt.
443 2019 526 2092 Non
544 2022 650 2106 enim,
673 2031 710 2092 ut
730 2044 837 2114 supra
854 2019 1010 2091 vidimus
1023 2022 1084 2110 (r),
1107 2019 1322 2092 immutabili
1335 2035 1369 2092 et
1386 2026 1552 2093 omnium

329 2135 518 2234 hominum
539 2138 690 2232 propriae
710 2133 782 2231 legi
804 2148 878 2207 tum
902 2135 1057 2230 Hispani
1079 2149 1205 2231 parent
1218 2169 1224 2226 ;
1249 2135 1376 2208 honori
1397 2163 1481 2208 vero
1503 2135 1553 2208 ita

329 2251 528 2352 inserviunt
547 2263 586 2323 ut
610 2250 701 2322 nihil
731 2250 912 2322 decorisa
946 2275 984 2322 se
1017 2255 1177 2347 usurpati
1199 2251 1322 2323 laesum
1353 2257 1550 2348 patiantur,

331 2380 404 2466 aut,
424 2370 454 2439 si
479 2381 629 2463 accepta
654 2379 707 2438 est
728 2365 867 2462 injuria,
894 2365 1031 2438 nullam
1053 2365 1168 2439 lerunt
1190 2393 1325 2438 moram
1348 2367 1436 2464 quin
1458 2381 1553 2440 atro·

330 2486 485 2556 cissimae
518 2508 635 2580 poenae
664 2493 882 2578 repetantur.
917 2481 999 2574 Quo
1030 2486 1133 2579 quasi
1166 2481 1284 2554 officio
1313 2483 1445 2579 pariter
1478 2482 1554 2555 lun-

329 2610 465 2697 guntur
490 2597 526 2669 in
557 2597 746 2671 Celestz'na
777 2611 812 2669 et
843 2596 980 2668 domini
1009 2611 1044 2669 et
1076 2600 1228 2670 ministri
1259 2612 1295 2670 et
1314 2602 1424 2671 etiam
1443 2623 1554 2670 mere·

331 2715 448 2788 trices.
487 2713 559 2806 Qui
594 2713 634 2784 fit
671 2725 721 2800 ut,
764 2712 894 2784 occisis
933 2713 1150 2809 Sempronio
1177 2727 1210 2786 et
1244 2715 1485 2801 Parmenone,
1517 2717 1554 2784 in

330 2829 486 2928 judicem
521 2827 668 2902 calisto
693 2841 744 2900 tot
771 2828 889 2900 verbis
910 2830 1126 2902 incendatur
1149 2833 1217 2900 nisi
1240 2828 1339 2926 quod
1358 2833 1462 2926 genti
1483 2855 1555 2901 suae

331 2944 469 3043 aliquid
502 2942 690 3016 dedecoris
724 2942 923 3016 admissum
957 2970 1035 3016 esse
1064 2945 1277 3018 existimat?
1306 2943 1554 3037 Quamobrem

331 3075 435 3132 tanta
456 3058 641 3133 Celestina
672 3059 833 3156 pericula
853 3058 929 3130 obit
954 3062 1022 3131 nisi
1061 3073 1098 3131 ut
1137 3061 1299 3133 lenarum
1325 3064 1464 3157 optima
1498 3061 1557 3132 ha-

332 3176 488 3248 beatur?
526 3176 610 3247 Non
631 3179 664 3246 ei
699 3179 766 3270 ipsi
793 3179 884 3246 tanti
917 3189 1001 3247 sunt
1038 3181 1178 3247 minimi
1211 3180 1338 3274 quanti
1377 3175 1503 3249 laudes
1523 3186 1557 3246 et

330 3292 463 3389 gloria.
492 3292 585 3364 Cum
601 3303 721 3362 autem
753 3292 908 3386 Hispani
930 3291 1096 3386 superbia
1126 3296 1385 3379 intumescant,
1409 3318 1484 3363 non
1501 3293 1554 3362 eis

332 3433 424 3508 curae
439 3421 493 3480 est
513 3411 574 3504 qui
589 3411 708 3503 reipsa
727 3411 797 3478 sint
814 3407 877 3477 sed
898 3411 959 3503 qui
980 3433 1059 3478 esse
1092 3407 1293 3494 videantur,
1320 3433 1387 3478 nec
1420 3411 1483 3504 qui
1511 3405 1556 3477 sit

333 3524 611 3596 domesticarum
645 3549 759 3594 rerum
795 3537 909 3594 status
951 3523 1014 3594 sed
1042 3549 1150 3618 quam
1190 3523 1347 3620 praebeat
1385 3527 1554 3618 speciem.

334 3642 485 3736 Ignavia
498 3651 639 3711 tantum
657 3638 871 3734 Sempronio
886 3651 920 3709 et
936 3641 1115 3711 Parmeno
1127 3653 1298 3734 praestant
1314 3665 1406 3738 quos
1434 3651 1556 3710 tamen

331 3755 440 3830 fortes
460 3766 494 3826 et
514 3769 680 3826 strenuos
697 3752 841 3826 Calz'sr‘o
861 3753 1027 3848 praedicat
1046 3758 1179 3850 quippe
1207 3754 1307 3852 cujus
1330 3782 1374 3827 ne
1399 3756 1554 3827 ministri

333 3869 480 3968 quidem
503 3869 588 3940 mali
609 3869 761 3941 evadere
781 3873 933 3964 possint.
953 3870 1047 3960 Alia,
1073 3897 1139 3941 nec
1158 3874 1276 3942 minus
1297 3871 1448 3958 absona,
1472 3893 1556 3942 suus

335 3986 458 4058 Eliciae
492 3984 684 4080 persuadet
713 3984 846 4075 decor,
884 4012 977 4082 quae,
1010 3999 1204 4082 postquam
1227 3985 1453 4058 Celestinam
1482 3984 1556 4057 ulta

333 4113 399 4187 est,
434 4101 642 4196 Sempronii
659 4127 816 4198 quoque,
833 4128 940 4197 quem
958 4106 1036 4197 ipsa
1049 4100 1229 4197 judicibus
1246 4100 1409 4190 tradidit,
1429 4125 1555 4197 poenas

333 4243 372 4297 se
391 4220 623 4312 repetituram
636 4217 823 4312 praedicat.
854 4219 885 4287 Α
905 4243 978 4312 quo
1001 4219 1113 4288 vero?
1145 4216 1201 4287 Ab
1222 4220 1394 4288 amatoris
1422 4221 1475 4288 sui
1496 4215 1554 4287 do·

334 4335 434 4404 mino
450 4335 512 4430 qui
532 4331 824 4425 lamulimortem
847 4333 999 4404 inultam
1035 4357 1162 4428 passus
1182 4346 1236 4405 est
1274 4346 1308 4403 et
1328 4337 1360 4404 ei
1384 4336 1452 4429 ipsi
1481 4356 1567 4428 pro,

334 4451 448 4545 priam
478 4447 564 4520 lacit
584 4447 750 4546 injuriam
779 4447 1079 4544 quandoquidem
1111 4445 1190 4519 aliae
1226 4447 1385 4520 mulieris
1416 4445 1554 4518 deliciis

364 4717 401 4780 (ι)
419 4713 460 4763 cf.
475 4713 541 4779 Cap.
558 4713 577 4764 1.
