3388 5458
674 449 832 535 ..89-

148 613 266 688 «Non
281 613 453 712 religiosa
467 625 574 702 veste,
596 617 648 688 ait
678 613 809 702 Febea,
834 611 888 684 illi
918 633 1046 686 omnes
1075 606 1276 682 induuntur
1303 631 1366 705 qu1

147 729 278 804 coelum
306 743 634 828 consequuntur.»
666 728 828 830 Justr‘no
855 752 929 801 non
957 725 1005 798 ab
1032 749 1076 798 ea
1104 722 1281 818 dissentit.
1303 725 1364 819 qui

147 845 265 919 nullos
292 850 462 922 eremitas
481 859 628 920 sanctos
653 871 731 918 esse
761 843 914 916 affirmat
937 845 1007 915 nisi
1031 865 1136 914 senes
1170 863 1262 938 quos
1281 850 1368 910 aetas

145 960 239 1034 vitiis
266 961 450 1036 inhabiles
475 961 682 1058 lecerit.(1)
715 960 816 1056 Quin
843 964 917 1032 imo
951 955 1088 1031 nullam
1114 958 1152 1026 in
1183 951 1367 1036 Celestina

145 1091 279 1174 partem
305 1081 475 1152 invenias
494 1078 531 1152 in
556 1104 630 1177 qua
659 1078 854 1152 Fernando
871 1078 915 1148 de
935 1073 1049 1174 Rojas
1076 1069 1365 1146 Christianorum

145 1197 254 1268 sacris
286 1193 471 1268 labulosas
507 1207 544 1268 et
576 1194 747 1292 prolanas
780 1219 835 1266 res
868 1191 1002 1288 majore
1035 1191 1186 1262 misceat
1220 1185 1367 1262 licentia

145 1334 251 1406 quam
266 1310 375 1410 Juan
390 1313 466 1407 ipse
480 1310 545 1384 del·
557 1311 595 1382 E
595 1308 715 1384 ncz'na.
739 1308 834 1382 Vide
851 1310 950 1380 enim
968 1329 1041 1404 quo
1060 1301 1218 1376 Placido
1242 1300 1362 1389 m0d0,

144 1450 224 1499 cum
260 1425 427 1500 Mercurii
463 1426 747 1500 incantamentis
777 1424 824 1498 ab
854 1422 978 1498 inieris
1008 1432 1205 1506 revocatur,
1241 1416 1367 1492 oculos

144 1544 269 1614 iterum
290 1545 440 1639 aperiat.
464 1544 597 1618 Nonne
622 1568 667 1617 ea
684 1558 831 1640 repente
852 1543 976 1616 Lazari
1002 1539 1213 1610 memoriam
1228 1537 1267 1606 in
1288 1535 1365 1607 ani·

143 1681 239 1730 mum
273 1668 373 1730 tuum
412 1658 578 1732 reducit?
612 1660 704 1754 Quae
742 1657 926 1734 Catholici
963 1655 1196 1728 sanctissima
1228 1648 1366 1723 habent

142 1797 221 1844 cum
243 1797 469 1870 paganorum
486 1773 646 1848 moribus
673 1779 725 1850 ita
751 1779 790 1846 in
809 1774 937 1848 eadem
957 1770 1118 1870 Ecgloga
1140 1764 1365 1842 familiariter

140 1886 338 1986 junguntur
348 1881 386 1964 ut
401 1889 521 1964 nullas
533 1917 656 1964 eorum
676 1889 846 1987 religioni
858 1887 1198 1960 inimicioresvoces
1210 1883 1363 1978 reperire

141 2007 258 2102 possis
277 2031 386 2103 quam
401 2005 643 2104 «vigiliam»
659 2006 761 2080 illam
781 2033 861 2104 quae
881 2008 960 2077 sine
976 2002 1088 2076 dubio
1104 1997 1361 2098 Inquisitorum

141 2122 230 2190 iram
256 2131 292 2194 et
320 2122 602 2220 prohibitionem
618 2126 656 2194 in
676 2135 791 2198 totum
807 2120 994 2218 dialogum
1021 2113 1234 2194 concitavit.
1258 2108 1359 2207 Quid

143 2238 239 2306 enim
260 2241 379 2334 magis
405 2242 534 2312 mirum
553 2251 608 2311 est
627 2251 662 2312 et
685 2237 864 2334 religiosis
885 2239 1018 2310 animis
1038 2233 1226 2308 molestius
1246 2251 1358 2326 quam

142 2379 159 2416 a
179 2351 428 2426 lnvitatorium
445 2385 464 2422 »
486 2353 575 2426 illud
595 2366 630 2426 et
650 2354 778 2450 psalmi
800 2357 838 2425 in
859 2351 991 2450 quibus
1012 2347 1167 2446 Cupido,
1191 2347 1304 2418 sacris
1322 2353 1360 2414 et

138 2463 263 2540 latinis
286 2467 405 2542 verbis
432 2468 658 2567 hispaniensi
692 2481 727 2542 et
760 2468 900 2565 vulgari
925 2468 1082 2540 sermoni
1121 2460 1253 2547 mixtis,
1282 2483 1357 2530 non

134 2605 242 2656 secus
261 2608 303 2658 ac
323 2583 421 2658 solus
442 2586 543 2658 Deus
562 2587 782 2659 invocaturi

458 2773 567 2828 «Senot
579 2774 641 2824 oros
652 2775 713 2837 mio,
727 2756 910 2831 exclamat
934 2757 966 2828 V
964 2753 1131 2837 z'torzano,

574 2855 625 2904 Por
639 2854 664 2905 el
676 2855 772 2921 primor
782 2855 815 2904 de
825 2853 936 2918 mujeres

569 2933 623 3001 Soy
636 2943 757 2986 contento
771 2935 911 3002 padecer...

567 3015 752 3066 convertantur

566 3095 648 3155 fletus,
663 3102 690 3144 et
703 3102 874 3153 revereantur,

569 3181 595 3224 et
608 3174 683 3224 valde
697 3174 830 3226 velociter.
846 3191 859 3224 r

130 3283 270 3360 Versus
284 3313 430 3386 quoque
450 3290 530 3388 lege
550 3315 643 3388 quos
660 3319 678 3360 «
693 3293 873 3389 Requiem
890 3303 1061 3363 aeternam
1075 3301 1109 3360 et
1120 3281 1323 3360 antilonam
1339 3309 1358 3348 »

125 3399 242 3499 Juarz
261 3405 325 3476 del
337 3404 484 3480 Encina
504 3411 687 3504 inscripsit
708 3441 715 3480 :

566 3590 581 3624 ‹
595 3575 671 3625 Pater
684 3581 778 3636 noster,
794 3573 883 3634 nino&
898 3573 1002 3640 elego...

567 3655 677 3722 Cupido,
694 3655 857 3706 Kirieleison.
874 3669 888 3704 a

183 3787 316 3862 Nonne
336 3789 526 3863 confestim
553 3791 740 3865 Celestina
781 3795 820 3864 in
853 3805 953 3866 tuum
991 3793 1091 3864 venit
1123 3791 1287 3861 animum
1320 3796 1360 3855 ut

123 3929 217 3999 quae
237 3909 487 3980 sanctissimas
507 3921 541 3979 et
562 3907 869 4005 impudicissimus
888 3931 944 3979 res
969 3907 1097 3980 eadem
1123 3902 1358 4001 simplicitate

122 4019 262 4092 relerre
280 4020 428 4094 soleat?

183 4133 266 4206 Alia
279 4161 362 4209 vero
374 4163 395 4210 e
406 4138 706 4238 Tragicomoedia
722 4139 767 4212 de
785 4137 932 4214 Calz'sto
941 4165 971 4238 y
986 4131 1144 4230 Melz'bea
1156 4149 1192 4210 et
1206 4133 1359 4209 meliora

121 4265 165 4323 et
189 4250 333 4348 majoris
361 4253 534 4327 momenti
553 4255 763 4354 Johannem
788 4257 852 4328 del
879 4252 1028 4326 Encina
1049 4254 1212 4325 hausisse
1223 4250 1357 4322 labulae

120 4367 223 4464 ipsae
248 4366 498 4443 demonstrant
534 4397 619 4470 quae
639 4396 720 4444 eam
758 4375 795 4442 in
828 4369 1034 4469 exemplum
1068 4379 1353 4466 assumpserunt.

120 4483 217 4556 Non
237 4486 335 4556 enim
354 4483 471 4558 solum
491 4486 611 4584 plures
643 4511 817 4584 personas
844 4490 882 4560 in
902 4510 1051 4560 scenam
1078 4483 1266 4573 inducunt,
1291 4481 1354 4556 sed

158 4705 199 4768 (ι)
213 4693 315 4768 Egloga
328 4705 446 4756 castino
451 4723 472 4771 y
484 4707 573 4760 Μαι.
