3416 5460
716 533 876 597 -23-
953 561 957 569 .

172 693 335 780 pastores
350 681 541 765 disserunt,
569 685 678 755 itaut
698 685 868 756 statarius
885 681 947 754 ille
962 680 1133 779 dialogus
1158 707 1248 756 sane
1275 682 1397 781 appel·

172 798 240 870 lari
258 803 372 896 possit
395 831 401 889 ;
438 797 501 871 sed
523 824 710 896 nunquam
731 824 753 870 a
772 796 872 871 lonte
885 823 989 872 sacro
1007 825 1086 872 sese
1108 813 1253 874 amovet
1273 811 1396 897 poeta,

174 913 475 1012 quandoquidem
496 914 587 986 nihil
609 941 630 988 a
645 915 912 988 commenticiis
929 914 1132 1012 Evangiliis
1148 925 1399 1002 mutuatur,-

170 1029 273 1128 quod
301 1055 401 1128 saepe
430 1035 542 1104 nostri
576 1043 695 1128 poetae
728 1030 893 1104 eamdem
925 1031 1020 1104 hanc
1055 1035 1243 1104 materiam
1273 1057 1396 1105 scenae

137 1137 141 1146 ’
171 1147 492 1220 accommodantes
511 1147 627 1220 iacere
645 1173 718 1220 non
741 1146 1011 1222 dubitaverunt.
1051 1147 1129 1219 Nec
1160 1151 1280 1221 minus
1313 1151 1396 1219 sim-

174 1260 288 1358 pliccs
312 1262 376 1334 sed
402 1261 596 1336 dulcedine
624 1262 783 1361 quadam
815 1268 934 1360 magis
958 1263 1113 1361 periusae
1137 1262 1304 1336 videntur
1319 1261 1394 1336 illae

172 1405 191 1445 «
214 1378 555 1475 Representacz‘oner
577 1380 621 1451 de
641 1379 677 1452 la
696 1379 836 1453 Parion
851 1381 942 1478 yde
963 1380 999 1452 la
1019 1377 1256 1451 Restareccion
1272 1408 1292 1448 »
1309 1404 1393 1476 quae

172 1495 211 1564 in
247 1507 347 1589 parte
378 1492 515 1567 aedium
560 1494 663 1567 ducis
720 1494 855 1566 Albani
903 1494 1072 1591 religioni
1124 1492 1247 1566 dicata
1293 1519 1393 1567 anno

170 1608 579 1684 MCCCCLXXXXlll
615 1624 698 1684 acta
725 1624 822 1702 sunt,
851 1609 965 1683 altera
992 1613 1248 1696 anniversario
1261 1614 1391 1682 mortui

168 1725 202 1822 J.
234 1724 281 1798 C.
317 1724 390 1807 die.
421 1725 533 1800 altera
560 1726 622 1800 illo
653 1726 711 1800 die
739 1754 811 1825 quo
838 1729 870 1826 J
895 1727 937 1799 C.
962 1737 1212 1799 renascentem
1227 1725 1390 1799 concele-

170 1838 289 1912 brant.
323 1843 364 1914 ln
385 1840 440 1914 his
467 1842 685 1939 spectaculis
705 1868 787 1916 cum
809 1843 992 1916 Veronica
1015 1841 1132 1914 oculis
1147 1844 1390 1938 spectantium

169 1954 380 2029 obversatur
399 1983 484 2054 quae
510 1957 652 2032 duobus
673 1961 832 2031 eremitis
858 1956 1086 2031 Salvatorem
1119 1969 1155 2030 et
1183 1956 1220 2028 in
1247 1981 1390 2030 crucem

170 2084 292 2145 actum
313 2098 392 2145 esse
411 2086 447 2146 et
466 2072 515 2145 ibi
535 2087 648 2147 morte
669 2073 933 2147 nefandissima
953 2087 1176 2170 peremptum
1190 2098 1268 2146 esse
1284 2099 1388 2170 ques-

169 2188 268 2261 tibus
292 2203 327 2261 et
343 2188 502 2262 lacrimis
526 2203 670 2263 enarrat
694 2225 700 2278 ;
737 2207 812 2262 tum
842 2202 970 2263 contra
998 2190 1114 2262 Lucas
1140 2193 1202 2286 qui
1229 2191 1390 2262 maxima

170 2317 373 2378 commotus
389 2304 518 2379 laetitia
545 2319 580 2380 et
605 2311 666 2403 pio
690 2332 867 2396 accensus
895 2331 1017 2379 amore
1044 2304 1192 2402 jamjam
1217 2303 1389 2378 omnibus

168 2420 265 2494 orbis
294 2435 466 2494 terrarum
502 2421 644 2520 populis
673 2421 926 2496 dulcissimum
953 2425 1142 2519 imperium
1170 2433 1206 2494 et
1237 2423 1387 2518 optatis·

166 2541 297 2610 simum
312 2562 453 2610 crucem
471 2537 570 2612 illam
593 2542 845 2636 imposituram
865 2537 1054 2635 praedicat.

214 2651 298 2726 Non
320 2679 402 2726 vero
422 2653 589 2726 eamdem
610 2654 762 2727 formam
796 2651 953 2726 relerunt
978 2652 1051 2726 duo
1071 2652 1221 2749 Eclogae
1242 2677 1327 2749 quae
1349 2655 1387 2724 in

163 2782 271 2842 nocte
287 2769 575 2843 bacchanalibus
590 2774 737 2868 signata
753 2795 852 2842 anno
867 2768 1274 2843 MCCCCLXXXXIV
1291 2779 1385 2840 actae

161 2897 258 2974 sunt,
282 2884 396 2958 altera
424 2899 509 2959 ante
529 2910 687 2976 coenam,
713 2886 826 2959 altera
859 2910 943 2959 vero
963 2899 1043 2984 post
1074 2909 1219 2958 coenam
1252 2881 1386 2956 ducum

161 2999 402 3074 Albanorum.
428 3003 468 3074 ln
503 3001 616 3075 altera
635 3006 734 3076 enim
755 3018 878 3100 pastor
899 3001 1052 3075 Benet‘lo
1085 3015 1121 3074 et
1147 2999 1223 3098 ejus
1248 2997 1388 3072 amicus

158 3116 326 3190 Brasde
347 3115 443 3192 bello
462 3118 561 3217 quod
581 3145 662 3191 cum
688 3117 812 3192 Gallia
832 3117 1043 3215 impendeat
1072 3129 1279 3216 queruntur,
1303 3140 1386 3188 cum

157 3257 179 3305 e
200 3232 353 3305 macello
373 3235 485 3307 redux
514 3235 696 3307 Pedruelo
716 3239 884 3307 nuntium
907 3233 981 3330 jam
1006 3233 1066 3306 icti
1090 3233 1237 3306 foederis
1257 3230 1383 3322 affert;
1437 3220 1439 3223 ’

157 3371 232 3444 quo
256 3347 382 3422 audito
403 3349 478 3423 laeti
511 3350 671 3448 lepidum
704 3380 723 3420 «
747 3350 944 3424 villancico
967 3380 985 3420 »
1008 3363 1157 3422 cantare
1173 3351 1383 3421 instituunt.

158 3462 282 3560 Spirat
304 3463 365 3537 ille
394 3465 564 3563 dialogus
580 3466 719 3566 aliquid
744 3469 817 3540 veri
838 3465 946 3539 simul
977 3479 1012 3538 et
1041 3467 1190 3552 amoeni,
1223 3476 1258 3537 et
1281 3489 1386 3538 voca·

157 3577 282 3652 bulum
338 3591 596 3680 «sagagues»
640 3585 693 3678 (ι)
738 3583 876 3656 dictum
918 3606 991 3678 quo
1034 3591 1196 3678 pastores
1237 3591 1387 3652 utuntur

160 3718 327 3790 saporem
354 3695 511 3770 [acetum
549 3697 702 3770 redolet.
743 3698 862 3771 Sonat
899 3699 1067 3770 rusticius
1094 3694 1257 3768 secunda
1291 3698 1386 3765 intra
1424 3701 1427 3714 '

154 3821 296 3906 tempus
312 3810 593 3885 bacchanalium
614 3827 696 3884 acta
713 3813 862 3912 Eclogae
880 3817 918 3884 in
934 3838 1024 3910 qua,
1047 3815 1141 3884 sicut
1162 3815 1200 3883 in
1222 3810 1385 3883 ridiculis

155 3936 191 3995 et
213 3924 379 4021 figuratis
398 3926 536 4023 proeliis
551 3926 683 4025 quibus
703 3927 800 4002 Galli
822 3931 955 4024 pariter
968 3953 1011 4000 ac
1033 3927 1190 4024 Hispani
1211 3925 1384 3998 delectati

129 4037 242 4112 'sunt
269 4041 336 4137 (2),
382 4041 561 4116 heluones
599 4043 643 4116 de
677 4043 822 4116 edendo
855 4043 994 4116 lortiter
1020 4041 1233 4130 decernunt,
1267 4065 1335 4114 nec
1364 4065 1386 4113 a

190 4234 228 4300 (ι)
255 4235 313 4284 Hoc
340 4241 513 4300 tsayagudst
537 4239 642 4287 verbum
668 4256 683 4288 a
704 4239 851 4302 «Sagayo»
866 4255 936 4304 pago
952 4239 988 4302 (in
1013 4238 1144 4302 provincia
1157 4237 1274 4294 Zamoral
1288 4235 1385 4284 dictum

154 4323 196 4366 est
213 4315 284 4380 cujus
300 4325 415 4381 pastores
431 4318 456 4366 in
467 4318 614 4383 eloquendo
628 4328 652 4367 et
667 4319 763 4369 vitiosis
777 4327 803 4368 et
816 4319 939 4368 obsoletis
964 4318 1070 4368 vocibus
1094 4318 1228 4367 utebantur
1251 4332 1315 4381 quas
1329 4315 1386 4364 bar·

157 4396 235 4445 baras
247 4404 289 4444 aut
305 4414 320 4445 a
334 4397 476 4462 quotidiani
487 4398 613 4447 sermonis
627 4416 672 4448 usu
684 4399 842 4449 intermissas
865 4407 979 4464 repetere
994 4398 1117 4448 bucolicis
1129 4397 1221 4447 labulis
1235 4405 1261 4446 et
1279 4395 1384 4446 canticis

155 4475 341 4526 deNativitate
369 4479 565 4528 ‹villancicoss
590 4478 665 4527 dictis
681 4487 892 4542 consentaneum,
920 4479 1035 4528 secunda
1048 4478 1141 4528 saltem
1155 4478 1179 4526 in
1200 4487 1272 4543 parte
1289 4475 1384 4524 decimi

157 4554 238 4622 quinti
255 4556 351 4618 saeculi,
375 4557 487 4606 habitum
503 4567 550 4608 est.

191 4637 227 4699 (a)
242 4634 283 4686 Cf.
305 4636 467 4688 ridiculosam
483 4638 555 4688 illam
568 4640 647 4688 rixam
660 4655 675 4688 c
686 4639 796 4690 Bataille
813 4640 847 4688 de
871 4639 996 4688 Karesme
1015 4648 1040 4688 et
1061 4638 1094 4688 de
1109 4639 1245 4703 Charnage
1258 4655 1274 4706 s
1287 4637 1383 4685 dictam

158 4725 203 4765 aut
217 4715 327 4765 facetam
349 4718 414 4767 hanc
434 4736 547 4788 pugnarn
575 4736 625 4784 qua
650 4735 708 4768 cum
739 4721 810 4768 «don
828 4719 1076 4782 TocinoulPetaso)
1103 4727 1127 4768 et
1154 4707 1383 4771 ‹donadecinat

80 4841 82 4848 ,
159 4794 331 4860 (SalsacaroJ
359 4800 409 4847 cd.
430 4801 593 4849 Cuaresman
621 4807 646 4850 et
673 4799 905 4865 archipresbyteros
930 4801 963 4848 de
989 4801 1056 4849 Hita
1071 4799 1219 4865 confligunt.
1239 4799 1325 4862 (Libro
1351 4797 1383 4846 da

161 4876 307 4940 Cantares).
