3388 5458
866 442 966 524 -363
987 477 1026 492 ..

341 608 415 708 plet
447 621 483 681 et
520 604 702 704 exquisito
738 604 801 676 itto
836 619 871 674 et
910 602 1108 677 novissimo
1152 603 1282 676 Calisti
1321 601 1565 702 Melibeaeque

339 748 506 798 sermone
540 719 760 807 iliustratur;
792 719 909 791 altera
946 732 1082 809 autem,
1104 744 1124 791 e
1144 744 1218 816 qua
1243 744 1318 791 una
1351 733 1476 793 sextus
1506 720 1565 792 de·
1668 763 1669 778 .

338 844 455 914 cimus
478 849 581 910 actus
621 833 812 922 conflatur,
862 833 951 905 nihil
993 833 1039 905 ad
1077 833 1386 930 Tragicomoediae
1419 861 1563 908 cursum

339 953 567 1028 incitandum
589 949 695 1034 valet,
729 948 922 1046 plurimum
944 974 1027 1021 vero
1056 950 1102 1022 ad
1119 948 1271 1024 affectus
1295 948 1464 1022 flebiliter
1490 975 1564 1022 mo·

338 1071 488 1146 vendos.
519 1064 690 1142 Pleberio
719 1069 818 1137 enim
847 1077 884 1136 et
912 1063 1041 1152 Aliso,
1073 1069 1134 1162 qui
1165 1064 1361 1137 Melibeam
1383 1091 1429 1137 ne
1448 1064 1564 1138 oculis

340 1185 488 1284 quidem
516 1186 581 1257 viri
615 1179 769 1277 alicujus
789 1179 910 1252 laesam
930 1205 1010 1252 esse
1037 1171 1237 1258 confidunt.
1267 1179 1380 1250 filiam
1410 1195 1562 1276 nuptum

340 1299 521 1376 collocare
564 1301 601 1369 in
638 1295 762 1368 animo
791 1294 940 1367 habent.
984 1298 1111 1392 «jam,
1149 1296 1268 1392 inquit
1308 1310 1417 1391 pater,
1457 1309 1564 1391 aetate

341 1415 527 1490 conficior.
545 1413 678 1486 Nonne
702 1411 786 1484 filiae
815 1409 970 1506 conjuge
990 1437 1080 1508 opus
1100 1429 1152 1482 est
1177 1414 1239 1507 qui
1261 1436 1342 1482 earn
1363 1415 1463 1482 omni
1478 1437 1565 1484 cura
1669 1463 1670 1496 ,

340 1531 579 1630 praesidioque
597 1528 766 1600 tueatur?
810 1525 931 1617 Quem
952 1524 1054 1598 illae
1084 1526 1225 1598 cunctis
1259 1525 1418 1622 deligere
1444 1541 1564 1624 potest

340 1674 420 1747 quae
448 1660 484 1719 et
502 1655 692 1718 venustate
707 1655 743 1714 et
757 1641 894 1714 divitiis
912 1655 947 1712 et
962 1645 1159 1738 praesertim
1186 1641 1362 1736 pudicitia
1392 1641 1495 1715 floret
1511 1645 1527 1714 i
1544 1674 1561 1710 »

340 1765 438 1838 Dum
457 1758 623 1834 Pleberio
637 1759 740 1831 Alisa
760 1755 965 1844 assentitur,
986 1759 1023 1826 in
1043 1757 1250 1828 cubiculum
1271 1783 1376 1830 suuni
1397 1757 1563 1830 Melibea

337 1877 537 1976 regreditur
554 1891 590 1948 et
604 1887 793 1973 parentum
813 1897 932 1958 voces
951 1874 1069 1944 invisa
1089 1871 1181 1967 ipsa,
1196 1871 1297 1944 audit
1312 1884 1348 1944 et
1371 1873 1558 1970 intelligit.

337 1996 446 2070 Pater
477 2005 598 2066 autern
618 1993 818 2084 interrogat
846 1987 1008 2058 filiamne
1032 1986 1077 2060 de
1108 1993 1340 2062 matrimonio
1362 1989 1559 2063 consulat:

338 2119 485 2206 «cave,
517 2111 710 2212 respondet
740 2125 866 2202 mater,
898 2135 944 2183 ne
969 2127 1079 2208 castae
1098 2129 1132 2182 et
1165 2111 1306 2208 pudicae
1337 2113 1466 2210 puellae
1494 2129 1562 2187 ter-

337 2258 453 2308 rorem
483 2230 681 2328 injicias».
705 2227 893 2320 Quantam
915 2225 1021 2298 nobis
1041 2227 1327 2299 misericordiam
1352 2228 1504 2302 eliciunt
1525 2246 1561 2301 et
1670 2267 1671 2274 .

338 2361 506 2450 parentes
515 2368 695 2420 summam
708 2343 791 2415 filiae
810 2341 918 2415 fidem
940 2341 1118 2414 habentes
1137 2356 1173 2414 et
1192 2347 1271 2440 ipsa
1285 2343 1360 2416 filia
1377 2343 1561 2416 malefacti

339 2461 564 2540 conscientia
583 2457 770 2558 exagitata
793 2471 828 2530 et
843 2456 1019 2530 cruciata!
1042 2458 1131 2529 Haec
1143 2457 1421 2531 domesticarum
1443 2484 1560 2532 rerum

341 2582 450 2682 plena
485 2576 619 2676 quibus
641 2599 832 2672 nusquam
862 2571 959 2669 apud
996 2573 1186 2646 Romanos
1206 2588 1331 2669 poetas
1356 2574 1457 2648 locus
1484 2601 1561 2672 per·

338 2695 549 2770 mittebatur
577 2717 651 2764 non
680 2693 799 2786 potius
824 2685 1022 2762 Celestina
1042 2713 1178 2760 moram
1199 2703 1233 2760 et
1258 2688 1560 2786 impedimentum

337 2837 446 2912 quam
464 2833 579 2883 novos
596 2819 633 2880 et
646 2803 890 2878 vividissimos
912 2802 1051 2876 colores
1070 2802 1238 2877 afferunt.

385 2927 553 3000 Ceterum
596 2917 894 3018 Tragicomoedia
940 2931 1074 3007 nostra,
1107 2933 1144 2990 et
1178 2944 1260 2992 cum
1276 2945 1340 3016 per
1375 2945 1490 2994 unum
1525 2935 1562 2994 et
1671 2903 1672 2980 3

333 3044 465 3139 viginti
498 3051 600 3130 actus
624 3035 845 3134 producitur,
865 3032 974 3128 longe
1005 3047 1060 3106 est
1091 3048 1130 3107 ut
1149 3038 1302 3106 stataria
1331 3033 1404 3107 dici
1425 3041 1555 3133 possit.

336 3161 391 3232 lta
418 3158 516 3229 enim
541 3150 674 3227 Calisti
695 3151 841 3223 ardores
861 3165 896 3220 et
919 3147 1115 3221 Celestinae
1139 3149 1292 3221 artificia
1310 3154 1404 3223 inter
1416 3176 1456 3223 se
1476 3150 1560 3247 jun·

335 3287 470 3374 guntur
487 3282 526 3344 ut
545 3265 685 3366 aliquid
713 3269 797 3340 novi
818 3288 960 3360 semper
989 3267 1224 3370 respicientes
1255 3289 1397 3360 semper
1426 3269 1562 3340 intenti

336 3405 536 3466 teneamur.
571 3382 726 3470 Levibus
752 3384 906 3477 primum
941 3403 1008 3452 nos
1032 3377 1224 3453 affectibus
1256 3380 1399 3476 juvenis
1434 3395 1563 3454 noster

308 3501 313 3514 ’
338 3517 457 3579 movet
475 3502 562 3574 dum
583 3499 652 3572 sibi
668 3499 899 3571 astutissimae
913 3493 1004 3566 lenae
1024 3493 1199 3568 auxilium
1222 3510 1327 3592 parat
1341 3509 1376 3568 et
1396 3521 1436 3568 se
1453 3496 1562 3570 Meli-

337 3623 413 3696 beae
433 3617 576 3692 deliciis
605 3613 792 3688 fruiturum
818 3609 984 3684 confidit.
1009 3609 1101 3702 Quae
1129 3635 1213 3683 vero
1241 3613 1346 3708 quasi
1372 3612 1564 3685 comoedia

336 3739 466 3833 incipit
485 3744 612 3830 postea
630 3729 670 3802 fit
685 3727 866 3825 tragoedia
886 3729 1020 3823 quippe
1032 3729 1071 3797 in
1084 3750 1158 3822 qua
1170 3724 1357 3799 occidatur
1369 3725 1563 3801 Celestina

335 3852 545 3947 intelicique
565 3845 684 3920 arbori
704 3841 972 3941 suspendantur
986 3839 1200 3940 Sempronio
1218 3855 1254 3914 et
1268 3843 1463 3916 Parmeno.
1486 3843 1563 3918 Vix

333 3969 468 4044 deinde
487 3963 628 4039 Calisto
648 3959 810 4034 Melibea
835 3957 967 4031 leniter
998 3960 1130 4048 arrisit,
1159 3969 1195 4029 et
1228 3957 1337 4032 nobis
1356 3961 1500 4032 Areusa
1524 3973 1562 4034 et

331 4201 475 4276 metum'
495 4197 612 4270 tacere
631 4217 782 4292 operose
806 4203 998 4264 conantur.
1022 4189 1144 4282 Quam
1164 4188 1317 4263 diversis
1335 4190 1500 4288 denique
1521 4205 1559 4265 et

321 4313 523 4390 concitatis
548 4308 707 4384 motibus
736 4304 911 4379 afficimur
942 4330 1024 4378 cum
1052 4317 1137 4377 ante
1164 4305 1290 4378 oculos
1309 4305 1382 4379 duo
1401 4305 1562 4404 juvenes

328 4436 483 4530 primurn
494 4452 616 4502 amore
635 4422 821 4511 delectati,
834 4447 918 4495 mox
929 4419 1232 4494 horrendamorte
1244 4421 1405 4496 deiunc'ti
1422 4421 1562 4497 obver-

331 4548 480 4623 santur!
515 4545 579 4618 Sic
599 4539 759 4617 vicissim
782 4537 937 4611 ridenda
949 4549 985 4610 et
1002 4534 1126 4608 flenda
1148 4535 1305 4634 legimus
1321 4565 1402 4636 quae
1426 4563 1560 4612 veram

331 4669 415 4742 vitae
432 4665 590 4766 speciem
606 4655 779 4756 praebcnt.
795 4656 928 4730 Nonne
943 4655 1042 4727 enirn
1057 4655 1150 4725 utin
1165 4655 1199 4728 C
1198 4653 1356 4728 elestina
1370 4677 1555 4752 personae,
