3416 5460
833 499 992 577 ..46-

304 656 402 755 quod
422 661 533 730 tristis
549 656 657 764 Pluto
685 681 793 756 quem
819 657 902 729 lena
931 659 1215 732 incantamentis
1247 658 1416 732 obsecrat
1449 688 1528 734 non

305 772 457 846 multum
469 799 491 844 a
503 771 665 845 Lucilero
680 771 798 854 diflert
809 777 943 869 quippe
957 779 1017 871 qui
1031 779 1135 846 trium
1151 774 1339 847 Furiarum
1354 779 1529 874 princeps

304 903 339 961 et
355 888 610 960 damnatorum
630 887 841 983 angelorum
858 887 1050 984 imperator
1063 893 1224 962 uicissim
1242 891 1533 966 denominetur?

354 1005 437 1076 Non
457 1002 658 1076 eruditione
682 1015 823 1075 tanturn
855 1004 1045 1076 Celestina
1077 1006 1334 1102 antiquitatem
1365 1008 1532 1082 redolere

303 1121 456 1192 videtur.
475 1120 619 1202 Nonne,
635 1122 673 1188 in
687 1117 894 1190 universum
911 1124 1124 1208 aestimanti,
1146 1123 1342 1193 Feruando
1356 1125 1400 1196 de
1411 1124 1532 1222 Rojus

303 1239 341 1306 in
362 1237 525 1331 personis
553 1233 736 1330 fingendis
763 1233 881 1305 Plauti
910 1248 945 1305 et
975 1235 1136 1306 Terentii
1160 1239 1315 1334 vestigia
1335 1239 1531 1337 sequitur?

303 1351 407 1443 Quas
425 1353 524 1422 enirn
541 1347 714 1420 induxit?
746 1348 901 1420 Ministri
922 1353 1076 1444 primum
1096 1367 1271 1446 apparent
1301 1358 1377 1449 qui,
1397 1358 1428 1427 si
1447 1381 1525 1428 non

301 1471 492 1563 antiquam
511 1467 721 1536 servitutem
746 1468 918 1550 serviant,
947 1489 1019 1538 non
1037 1465 1142 1537 aliter
1161 1492 1270 1564 quam
1293 1468 1421 1542 Davus
1443 1475 1526 1567 qui-

301 1581 386 1654 dam
404 1595 469 1655 aut
495 1580 608 1678 Syrus
638 1605 705 1651 nec
736 1582 855 1651 minus
879 1579 987 1653 astuti
1016 1593 1112 1653 sunt.
1147 1583 1312 1676 Quorum
1348 1584 1524 1660 dominus

302 1697 449 1772 Calisto
485 1723 559 1769 non
597 1698 716 1792 magis
757 1698 869 1766 amori
898 1720 1032 1790 pronus
1070 1711 1123 1769 est
1158 1723 1268 1794 quam
1306 1700 1525 1775 Terentiani

302 1813 500 1886 AEschines
532 1827 567 1884 et
597 1809 810 1905 Ctesiphon.
833 1809 933 1901 Quid
967 1811 1011 1884 de
1028 1811 1142 1884 Elicia
1176 1827 1211 1884 et
1239 1815 1377 1888 Areusa
1397 1831 1460 1890 aut
1480 1818 1527 1890 de

301 1929 488 2004 Celestina
516 1927 618 2000 dicas
647 1929 716 1997 nisi
738 1923 820 1997 illas
839 1924 1036 1999 latinarum
1069 1932 1295 2002 meretricum
1321 1933 1526 2029 imaginem

300 2046 438 2132 reterre,
457 2044 554 2115 hanc
565 2055 686 2114 autem
705 2067 727 2112 a
741 2041 914 2138 Propertii
932 2057 996 2114 ant
1012 2043 1137 2116 Ovidii
1154 2044 1240 2117 lena
1254 2044 1353 2118 haud
1369 2048 1526 2122 multum

300 2159 519 2234 dissentire?
554 2156 730 2229 Fabulam
763 2160 873 2228 etiam
907 2162 945 2229 in
976 2183 1049 2255 qua
1078 2158 1164 2232 aliae
1198 2159 1281 2232 aliis
1317 2162 1524 2238 obveniunt

301 2302 424 2350 nonne
456 2273 522 2346 tibi
559 2272 645 2369 jam,
678 2269 763 2343 dum
798 2277 836 2344 in
873 2272 1009 2345 scholis
1041 2275 1158 2364 sedeS,
1188 2275 1322 2372 legisse
1357 2279 1525 2354 videris?

299 2391 473 2492 Melibea,
496 2388 621 2475 lateor‚
644 2413 718 2459 non
738 2413 782 2459 ea
801 2401 855 2460 est
875 2415 959 2484 quae
980 2393 1094 2484 pretio
1115 2391 1255 2463 venalis
1279 2417 1361 2466 esse
1380 2399 1521 2490 possit;

299 2533 344 2581 ea
356 2521 479 2579 tamen
495 2517 549 2578 est
574 2529 658 2602 quae
679 2527 827 2599 corpore
847 2530 921 2575 non
943 2518 1124 2602 quaestum
1146 2506 1209 2578 sed
1225 2507 1365 2581 donum
1393 2509 1519 2600 laciat,

300 2647 368 2712 nec
387 2633 576 2716 tantopere
604 2645 626 2690 a
645 2618 886 2692 servientibus
914 2619 1045 2715 puellis
1078 2620 1197 2694 diflert
1217 2649 1302 2720 quae
1337 2639 1523 2720 postremo

298 2737 397 2836 apud
414 2736 586 2810 Plautum
600 2747 662 2808 aut
679 2735 892 2808 Terentium
913 2737 1086 2832 ingenuae
1115 2737 1354 2836 reperiuntur.
1378 2740 1420 2812 Si
1441 2745 1522 2840 qui-

298 2855 395 2940 dem,
416 2867 455 2926 ut
475 2877 582 2924 senes
609 2854 671 2949 qui
697 2851 880 2924 Romanae
909 2876 1032 2926 caveae
1064 2853 1266 2928 cachinnos
1302 2856 1519 2948 movebant,

300 2970 430 3045 Calisti
450 2981 553 3065 pater
577 2991 652 3039 non
672 2965 848 3061 decipitur
867 2970 955 3064 quia
973 2967 1045 3063 jam
1061 2995 1081 3040 e
1100 2969 1174 3042 vita
1190 2969 1373 3057 discessit,
1400 2975 1525 3045 tristes

298 3087 375 3184 ejus
394 3101 513 3182 partes
528 3095 563 3154 et
582 3085 755 3154 tristiores
768 3085 878 3152 etiam
899 3081 1072 3156 Melibeae
1093 3100 1272 3180 parentes,
1296 3086 1468 3160 Pleberio
1487 3101 1525 3160 et

297 3202 410 3277 Alr'sa
437 3213 565 3296 agunt.
590 3198 682 3270 Cum
703 3195 874 3294 denique,
898 3223 1122 3296 quamquam
1137 3228 1210 3273 non
1237 3215 1311 3275 tam
1335 3229 1521 3277 servorum

300 3318 374 3392 doli
395 3340 504 3415 quarn
525 3313 620 3386 lenae
654 3311 808 3384 artificia
836 3312 988 3386 clariore
1008 3314 1088 3388 luce
1108 3333 1296 3414 apparent,
1321 3319 1367 3392 de
1385 3319 1521 3416 juvene

299 3458 440 3530 semper
455 3443 585 3531 agatur
601 3432 674 3525 qui,
695 3441 733 3500 ut
748 3427 881 3524 puellae
897 3455 1019 3502 amore
1032 3432 1179 3522 lruatur,
1200 3435 1380 3530 ignobilia
1393 3439 1522 3508 minis·

298 3553 390 3624 teria
408 3546 571 3637 adhibet,
594 3543 681 3642 quid
708 3569 752 3616 ex
782 3542 837 3616 his
862 3561 1010 3641 apparet
1037 3546 1105 3620 nisi
1126 3561 1161 3620 et
1182 3553 1220 3620 in
1240 3554 1407 3646 personis
1426 3550 1521 3647 figu-

299 3665 423 3737 randis
441 3674 477 3734 et
496 3660 533 3732 in
553 3659 677 3732 tabula
696 3657 915 3754 explicanda
930 3661 976 3732 ab
1003 3666 1166 3761 antiquae
1183 3665 1379 3738 comoediae
1400 3667 1521 3761 poetis

299 3795 334 3854 et
350 3779 503 3853 formam
514 3788 549 3849 et
565 3778 753 3847 materiam
773 3773 890 3872 Rojas
910 3788 1070 3850 nostrum
1093 3793 1294 3853 mutuatum
1306 3783 1412 3853 esse?

348 3893 459 3990 Quod
479 3896 508 3966 si
529 3890 595 3964 tibi
615 3914 825 3988 persuasum
847 3889 997 3965 haberes
1026 3892 1136 3991 longe
1155 3894 1304 3968 abesses
1319 3908 1358 3968 ut
1374 3895 1525 3993 quae'sit

297 4008 597 4110 Tragicomoedia
619 4008 662 4079 de
691 4004 837 4081 Calz'sto
858 4033 889 4105 y
921 4007 1089 4097 Melr'bea,
1124 4023 1159 4084 et
1191 4011 1293 4109 cujus
1327 4015 1517 4099 momenti,

297 4140 427 4204 exacto
463 4136 500 4200 et
533 4123 693 4197 dilucido
714 4121 821 4195 modo
855 4121 1090 4222 intelligeres.
1115 4124 1172 4198 Ad
1199 4131 1298 4199 enim
1329 4127 1451 4202 Plauti
1484 4143 1524 4202 et

298 4246 460 4319 Terentii
480 4239 692 4315 memoriam
706 4238 743 4312 in
755 4251 856 4311 tuum
872 4240 1117 4314 revocandum
1131 4241 1305 4332 animum,
1327 4243 1416 4316 mihi
1432 4268 1520 4341 quae

298 4361 554 4459 antiquitatem
583 4356 786 4432 redolerent
816 4355 995 4430 subtiliter
1022 4357 1240 4456 dispiciendi
1270 4385 1361 4458 opus
1389 4359 1457 4432 fuit
1483 4371 1522 4432 et

297 4481 408 4552 etiam
445 4474 604 4549 dicendo
637 4471 899 4570 amplificandi.
933 4471 975 4546 Si
1004 4487 1130 4548 contra
1162 4479 1280 4550 verius
1317 4476 1520 4574 dijudicare

297 4596 519 4694 propositum
539 4589 719 4680 habueris,
749 4586 899 4662 contusa
910 4591 1065 4686 primurn
1080 4602 1116 4665 et
1135 4597 1313 4690 permixta
1333 4591 1520 4666 Femandi

297 4712 341 4785 de
357 4707 472 4811 Rojur
490 4708 645 4784 eruditio
664 4705 729 4780 tibi
749 4707 817 4782 erit
836 4706 1148 4803 praetermittenda
1175 4734 1261 4809 quae
1291 4709 1433 4786 nullum
1470 4706 1520 4780 ad
