3440 5460
809 491 970 559 -90..

281 633 391 706 etiam
412 637 496 708 novi
512 635 652 736 aliquid
677 651 714 713 et
746 639 936 713 dramatici
971 641 1022 713 ita
1056 636 1212 712 induunt
1243 648 1282 712 ut
1320 663 1394 712 non
1425 635 1502 735 jam

281 746 449 824 bucolica
462 768 631 848 poemata
667 756 732 830 sed
759 760 893 856 cquasi
914 753 1142 829 comoediae»
1170 777 1249 828 esse
1282 753 1494 827 videantur.

283 865 392 959 Quod
412 872 598 966 perspicue
618 870 802 946 discernes
827 877 959 946 sicum
984 871 1141 968 Dialogo
1176 880 1307 944 «entre
1333 871 1370 944 el
1386 871 1504 944 Amor

275 1005 374 1079 yun
401 979 504 1080 Vr'ejo
520 1009 581 1056 »a
615 988 705 1060 Cota
738 991 871 1086 scripto
904 987 1105 1086 Ecglogam
1134 985 1330 1059 contuleris
1360 988 1398 1057 in
1426 1008 1504 1083 qua

283 1094 467 1189 Crastino,
503 1100 676 1201 Justz'n0‚
710 1104 747 1177 F
746 1104 903 1203 adeoque,
922 1115 958 1178 et
978 1102 1122 1201 Cupido
1142 1100 1433 1176 confabulantur.
1458 1101 1504 1172 ln

282 1211 409 1285 eadem
448 1218 545 1287 enim
580 1223 733 1293 materia
758 1235 957 1310 versantur,
993 1218 1057 1292 sed
1096 1219 1183 1292 dum
1216 1217 1503 1315 triumphantem

282 1352 441 1401 amorem
491 1344 690 1424 ostentant,
733 1335 854 1435 lyricis
892 1335 1083 1433 Dialogus
1126 1334 1336 1407 dramaticis
1373 1344 1504 1406 contra

282 1445 474 1519 virtutibus
517 1449 681 1550 Ecgloga
707 1451 822 1526 floret.
860 1451 960 1548 Quid
985 1451 1083 1549 quod
1120 1454 1219 1524 omni
1253 1475 1316 1548 spe
1353 1448 1504 1523 orbatus

281 1561 319 1634 F
320 1558 416 1634 r'leno
433 1561 542 1638 vitam
557 1566 708 1642 tolerare
727 1595 803 1643 non
818 1581 948 1667 potest,
970 1579 1017 1647 et.
1041 1567 1156 1640 dolori
1173 1571 1300 1665 impar,
1325 1565 1501 1664 nullaque

282 1675 461 1753 solatione
485 1695 692 1772 contentus,
731 1686 845 1759 cultro
876 1698 1001 1783 pectus
1038 1683 1114 1783 ipse
1146 1683 1336 1782 perfodit?
1367 1683 1505 1756 Nonne

282 1797 460 1889 tragicum
487 1801 599 1894 spirat
628 1803 747 1874 satis?
767 1801 867 1895 Quid
899 1801 1048 1874 tandem
1083 1805 1176 1874 inter
1208 1784 1406 1895 breviorem
1436 1797 1503 1870 sed

281 1933 403 1980 veram
435 1914 654 2012 tragoediam
691 1929 726 1989 et
761 1916 926 1992 Placidae
964 1919 1217 2013 Vitorianique
1258 1912 1502 1986 miserabilem

282 2049 406 2098 casum
428 2029 577 2102 interest
593 2035 663 2103 nisi
684 2034 780 2130 quod
805 2035 931 2108 Venus
950 2047 986 2107 et
1005 2033 1205 2106 Mercurius
1235 2055 1370 2104 numen
1390 2032 1503 2100 inter-

281 2154 423 2238 ponunt
451 2157 490 2216 ut
518 2149 657 2219 amanti
677 2161 837 2222 amatam
870 2161 1053 2246 postremo
1085 2146 1240 2220 reddant
1272 2158 1307 2218 et
1340 2145 1500 2218 dolorem

282 2261 320 2329 in
350 2255 516 2332 laetitiam
551 2267 794 2337 convertant?
818 2264 952 2338 Nonne
970 2267 1062 2337 varii
1096 2287 1329 2361 personarum
1350 2261 1503 2334 affectus

281 2372 384 2470 digni
419 2386 503 2448 sunt
530 2381 591 2473 qui
617 2381 655 2449 in
687 2377 888 2454 dramatico
915 2405 1022 2478 opere
1036 2381 1295 2477 exponantur?
1319 2377 1501 2452 Vitoriani

256 2483 378 2560 ‘enim
408 2517 431 2562 a
469 2489 622 2565 Placida
642 2493 828 2584 alienatio,
860 2522 945 2595 quae
971 2495 1064 2568 nihil
1096 2498 1242 2595 gravius
1264 2493 1501 2591 habetquam

151 2693 153 2698 ,
280 2605 377 2678 leves
397 2605 472 2680 illae
491 2619 527 2680 et
550 2609 776 2707 quotidianae
796 2615 889 2685 inter
908 2625 1071 2686 amantes
1094 2614 1167 2697 irae,
1195 2608 1401 2684 miseranda
1415 2634 1502 2680 mox

280 2721 321 2794 fit
348 2721 551 2820 desperatio
570 2726 753 2824 etpuellae
782 2729 949 2826 primum,
972 2727 1113 2826 juvenis
1145 2726 1278 2800 deinde
1307 2725 1502 2798 consilium

280 2841 442 2913 concitat
461 2865 483 2912 a
502 2840 576 2915 vita
594 2841 833 2918 desciscendi.
871 2845 945 2934 Sic,
971 2857 1110 2918 mortuo
1131 2843 1285 2932 (alisto,
1311 2841 1402 2914 nihil
1421 2842 1502 2915 Me·

279 2953 377 3027 libea
404 2961 605 3056 promptius
625 2959 785 3035 habebat
805 2987 914 3060 quam
953 2959 1135 3034 infelicem
1155 2971 1340 3032 amantem
1369 2956 1501 3030 eadem

280 3082 316 3142 et
337 3069 518 3146 horrenda
536 3087 651 3148 morte
671 3081 879 3151 convenire.

328 3187 432 3261 Talis
455 3190 567 3264 Amor
585 3195 647 3288 qui
669 3205 722 3266 tot
759 3191 928 3267 lamentis
954 3205 989 3266 et
1016 3189 1203 3266 funeribus
1236 3191 1395 3288 pascitur
1424 3215 1502 3262 non

280 3302 451 3378 mollibus
489 3308 721 3406 vicissimque
764 3309 914 3382 rudibus
947 3322 1010 3382 aut
1041 3306 1273 3405 elegantibus
1307 3303 1502 3378 blanditiis

279 3423 391 3494 utitur
409 3419 542 3518 quibus
571 3427 608 3495 in
628 3424 807 3520 prioribus
838 3425 1019 3524 Johannis
1056 3425 1119 3496 del
1146 3421 1294 3496 Encina
1328 3420 1504 3518 Ecglogis

279 3549 443 3634 pastores
462 3550 524 3612 aut
542 3543 712 3638 armigeri
732 3541 890 3640 puellam
912 3541 1073 3640 aliquam
1093 3539 1238 3612 allicere
1257 3537 1501 3612 conabantur.

279 3652 365 3726 Non
397 3657 495 3726 enim
527 3654 600 3752 jam
632 3655 709 3729 leve
730 3669 783 3730 est
803 3661 916 3729 animi
937 3656 1109 3745 studium,
1128 3653 1191 3728 sed
1211 3653 1388 3728 effrenata
1402 3653 1504 3750 cupi·

280 3767 376 3840 ditas
414 3795 498 3868 quae
523 3797 591 3844 nec
620 3776 761 3846 ratione
794 3775 978 3873 exstingui
1017 3798 1085 3846 nec
1118 3768 1339 3845 deverticulo
1373 3767 1503 3866 aliquo

279 3884 397 3982 decipi
431 3898 562 3984 potest.
601 3889 752 3962 lnanem
788 3893 911 3986 itaque
949 3913 1095 3986 operam
1129 3885 1313 3961 Cardonz'o
1350 3887 1505 3958 insumit

279 4029 361 4076 cum
401 4003 541 4076 ardenti
575 4004 702 4078 Fileno
745 4005 900 4078 consilia
943 4004 1068 4078 afferre
1101 4007 1212 4102 cupit.
1249 4001 1350 4096 Quid
1376 3998 1506 4073 audiat

279 4145 435 4193 vesanus
463 4119 523 4192 ille
552 4123 614 4219 qui
643 4120 826 4194 insaniam
856 4147 957 4195 suam
983 4133 1018 4194 et
1039 4131 1260 4218 compertam
1288 4117 1399 4192 habet
1432 4141 1505 4190 nec

278 4235 355 4310 vult
404 4237 565 4310 sanare?
609 4225 866 4310 'Nihilominus
908 4263 1034 4310 amens
1069 4233 1243 4310 Crz'stino
1276 4233 1399 4307 evadit
1437 4233 1503 4331 qui

279 4375 437 4426 amorem
472 4355 596 4425 mortis
625 4351 767 4428 fratrem
801 4378 880 4428 esse
908 4356 1092 4426 existimat
1110 4364 1159 4444 et,
1183 4351 1351 4449 neglecta
1374 4361 1503 4424 tamen

277 4465 424 4566 placida
464 4478 500 4540 et
545 4466 707 4542 solitaria
738 4468 822 4558 vita,
872 4472 969 4542 viam
996 4467 1197 4566 ingreditur
1229 4465 1424 4540 dolendam
1461 4463 1503 4538 in

278 4610 364 4684 qua,
397 4585 452 4657 sui
491 4587 686 4682 impotenS,
727 4610 917 4685 nunquam
950 4584 1110 4658 lacrimis
1147 4583 1368 4657 satiabitur?
1418 4581 1503 4654 Pla·

277 4700 396 4774 cidam
417 4726 562 4800 quoque
598 4700 684 4775 audi
713 4727 848 4793 cum,a
880 4701 1073 4775 Vitoriano
1105 4699 1241 4788 relicta,
1274 4724 1338 4796 per
1357 4709 1505 4772 montes
