3388 5458
827 499 865 517 -
880 482 944 530 rra
965 503 1003 517 -

297 632 454 728 speciem
493 641 578 702 ante
611 629 737 701 oculos
770 644 913 702 nostros
946 630 1152 703 obversant.
1190 631 1339 705 Utinam
1374 643 1410 705 et
1445 635 1523 730 ipse

297 747 388 846 Lupe
412 746 455 818 de
487 747 582 845 Vega
613 771 688 817 non
708 749 828 818 omnia
860 772 925 819 sua
954 758 1112 819 amasset
1131 761 1167 820 et
1200 746 1355 820 uberiori
1373 774 1449 821 suae
1470 747 1521 819 ia-

298 862 426 935 cilitati
447 857 584 934 diffisus
604 863 716 933 esset!
745 855 875 934 Fateor
894 861 1053 958 quidem,
1077 866 1106 934 si
1131 888 1206 935 non
1228 873 1304 934 tam
1325 861 1386 934 ille
1399 888 1523 936 amen-

297 981 438 1050 tissima
480 1002 590 1075 quam
634 980 822 1050 verissima
866 977 1107 1074 concupisset,
1145 978 1302 1052 futurum
1341 976 1449 1051 fuisse
1482 991 1522 1050 ut

297 1097 461 1167 omnium
495 1093 714 1166 eruditorum
743 1081 925 1166 consen'su
941 1092 1057 1190 magis
1071 1093 1376 1190 comprobaretur,
1399 1099 1522 1167 minus

296 1235 379 1282 vcro
411 1211 658 1305 Hispanorum
684 1233 818 1282 amore.
866 1208 965 1302 Quid
996 1222 1120 1281 tamen
1149 1209 1428 1283 fecundissimus
1460 1209 1522 1282 ille

296 1340 404 1427 poeta
425 1329 513 1400 artis
542 1325 660 1398 adhuc
684 1329 812 1397 retinet
839 1351 948 1424 quam
978 1325 1094 1424 Rosos
1114 1341 1235 1399 noster
1254 1326 1369 1398 edidit
1398 1338 1433 1399 et
1449 1330 1522 1398 ins-

295 1445 422 1518 tituit?
449 1441 569 1534 Quam
590 1442 750 1539 denique
775 1455 912 1538 partem
943 1441 980 1514 in
1017 1440 1249 1515 informando
1281 1468 1356 1515 non
1388 1445 1520 1538 Hispa·

296 1583 424 1632 norum
455 1556 572 1630 solum
597 1557 718 1630 sedet
745 1570 944 1630 ceterorum
981 1558 1131 1654 Europae
1150 1557 1364 1656 populorum
1380 1557 1521 1630 theatro

296 1672 486 1748 Celestr'na
504 1673 580 1770 jure
608 1671 675 1745 sibi
703 1698 746 1745 ac
770 1672 895 1746 merito
922 1673 1116 1770 deposcere
1138 1675 1285 1770 potest?
1317 1673 1415 1760 Haec,
1436 1697 1519 1745 curn

194 1877 197 1884 .
294 1789 367 1887 jam
393 1814 456 1887 per
484 1788 712 1861 notissimum
735 1793 907 1886 temporis
940 1787 1095 1886 spatium
1134 1813 1272 1880 eamus,
1306 1787 1461 1861 breviter
1483 1800 1522 1861 et

296 1905 342 1978 ad
365 1930 544 1978 summam
571 1903 767 2003 explanare
799 1909 888 1979 satis
918 1910 995 1978 erit.
