3416 5460
846 525 1001 592 -16-

362 687 447 762 Non
462 700 585 762 tamen
605 713 626 762 a
640 688 816 786 religione
835 695 961 764 omnia
980 696 1121 767 semina
1131 693 1379 791 Hispanorum
1394 697 1532 767 scenici

312 801 388 878 ludi
414 803 575 880 trahunt.
611 805 794 898 Quaedam
812 810 911 880 enim
932 811 1099 882 invenias
1130 808 1187 882 his
1216 808 1364 883 ludicris
1397 809 1532 909 quibus

313 919 455 994 nobiles
483 946 545 1018 per
572 925 648 994 otia
680 925 802 1018 pacis,
834 922 1118 1024 haudquaquam
1157 923 1243 999 belli
1277 929 1528 1017 immemores,

311 1040 431 1134 capite
442 1039 614 1135 adoperto
634 1049 670 1110 et
689 1038 837 1136 cuspide
852 1053 1031 1136 praetenta
1045 1045 1239 1140 citatisque
1254 1044 1359 1140 equis
1375 1045 1532 1117 invicem

312 1153 374 1228 alii
419 1157 457 1227 in
495 1153 588 1226 alios
626 1153 835 1246 irruebant;
872 1155 918 1228 ad
952 1183 996 1232 ea
1032 1161 1130 1232 enim
1163 1157 1373 1255 spectacula
1400 1157 1534 1256 vulgus

312 1267 704 1366 occurrebat.Magnus
719 1295 865 1369 quoque
879 1272 1021 1346 visendi
1041 1286 1076 1346 et
1089 1272 1261 1348 audiendi
1278 1276 1397 1374 gratia
1409 1271 1532 1372 populi

312 1409 509 1459 concursus
546 1384 657 1458 fiebat
692 1389 730 1458 in
751 1385 808 1460 his
826 1384 955 1462 diebus
996 1387 1096 1463 testis
1127 1388 1259 1488 quibus
1292 1415 1354 1462 rex
1387 1391 1535 1487 insigne

311 1504 586 1600 regium'capiti·
612 1501 824 1599 imponebat
847 1536 853 1594 ;
894 1503 964 1578 hac
991 1529 1136 1605 quoque
1170 1517 1314 1603 arrepta
1337 1509 1534 1582 occasione

313 1615 487 1691 carmina
509 1617 679 1715 quaedam
715 1617 888 1706 (necdum
919 1623 1029 1692 etiam
1056 1619 1132 1718 jure
1169 1619 1314 1696 tabulas
1350 1619 1535 1718 appellare

312 1735 444 1832 possis)
467 1736 505 1806 in
526 1732 675 1831 pulpitis
699 1734 756 1808 vel
780 1733 818 1807 in
841 1734 1011 1832 plaustris
1027 1761 1163 1836 magna
1182 1735 1379 1836 plaudente
1399 1762 1535 1812 corona

312 1847 572 1924 recitabantur.
589 1849 697 1922 Hunc
717 1873 852 1923 morem
874 1853 912 1923 in
933 1850 1162 1948 Aragonensi
1182 1856 1333 1954 regione
1352 1850 1534 1926 exstitisse

311 1967 367 2042 vel
402 1967 586 2064 proecipue
620 1977 765 2040 constat
813 1991 920 2063 quem
959 1967 1191 2042 Castellanos
1227 1966 1344 2042 dictos
1378 1966 1535 2042 coluisse

209 2171 213 2188 x
292 2144 296 2152 .
313 2106 459 2180 quoque
479 2083 517 2154 in
536 2084 667 2180 quinto
686 2079 830 2164 decimo
854 2082 991 2157 saeculo
1011 2081 1075 2156 illa
1095 2088 1285 2160 notatione
1318 2085 1536 2182 dignissima

315 2229 334 2269 c
355 2197 528 2274 Relacz'on
547 2199 590 2270 de
610 2197 663 2270 los
677 2197 799 2293 fechos
813 2198 877 2272 del
891 2224 980 2300 muy
1005 2198 1206 2300 magnifico
1230 2209 1346 2292 emat
1372 2199 1536 2274 virtuoso

313 2325 421 2390 serior
439 2315 478 2388 el
481 2313 486 2322 ’
507 2322 614 2388 senor
634 2315 702 2387 don
731 2312 889 2416 'Miguel
905 2315 1022 2388 Lucas
1049 2327 1149 2416 muy'
1167 2315 1281 2417 digno
1301 2301 1536 2392 Condestable

312 2434 356 2506 de
385 2429 591 2507 Castz‘lla»
620 2431 671 2527 (ι)
699 2429 937 2504 demonstrat.

363 2549 465 2644 Quin
494 2549 605 2622 etiam
626 2571 744 2624 mores
770 2546 920 2646 quidam
947 2546 1065 2645 plebis
1101 2548 1158 2622 vel
1187 2552 1273 2622 vitae
1307 2546 1535 2647 quotidianae

314 2690 416 2753 usus,
437 2667 513 2738 sive
534 2661 683 2761 quidam
700 2666 933 2738 matrimonio
954 2661 1213 2761 jungebantur,
1235 2668 1310 2739 sive
1327 2663 1373 2738 ad
1398 2662 1536 2736 iontem

313 2806 456 2857 sacrum
500 2779 609 2854 modo
652 2782 728 2854 nati
768 2777 1053 2870 deducebantur,
1084 2784 1162 2854 sive
1192 2810 1210 2849 «
1227 2779 1399 2854 rez'nudos
1414 2809 1434 2851 »
1473 2789 1537 2852 aut

315 2927 334 2968 ‹<
351 2889 515 2999 muyas'»
535 2894 684 2982 fiebant,
723 2894 799 2970 ludi
827 2894 1011 2993 extemplo
1030 2895 1252 2992 parabantur
1271 2900 1333 2994 qui
1368 2893 1536 2968 habitum

315 3013 510 3113 quemdam
531 3035 647 3084 rerum
659 3009 892 3086 theatralium
912 3009 1138 3102 adhiberent,
1162 3024 1198 3086 et
1217 3023 1312 3086 certe
1329 3013 1481 3084 minutae
1501 3021 1537 3083 et

314 3130 434 3206 adhuc
455 3127 628 3202 informes
649 3127 844 3200 comoediae
860 3153 905 3200 ex
921 3126 978 3199 his
993 3127 1249 3204 occasionibus
1263 3125 1534 3204 oboriebantur.

316 3225 559 3345 Antiquoium
585 3241 796 3342 ceteroquin
828 3246 1021 3318 mimorum
1058 3242 1153 3318 sales
1182 3258 1219 3319 et
1243 3239 1371 3342 nuga,
1399 3253 1538 3335 remota

315 3365 416 3438 omni
437 3359 670 3450 verecundia,
695 3362 908 3437 rusticorum
933 3359 1135 3434 cachinnos
1155 3386 1296 3458 semper
1325 3357 1534 3433 movebant.

366 3477 441 3553 Sed
476 3476 569 3572 adeo
607 3473 839 3549 intoleranda
870 3473 1036 3549 libertate
1082 3475 1276 3550 utebantur
1326 3487 1366 3549 ut
1403 3472 1538 3572 saepius

315 3595 522 3671 sacerdotes
545 3592 674 3666 divina
700 3589 860 3689 quadam
885 3595 938 3664 ira
966 3595 1099 3666 conciti
1121 3591 1191 3666 hoc
1211 3589 1393 3666 scribendi
1419 3614 1538 3687 genus

315 3703 608 3810 exprobraverint
629 3721 665 3782 et
693 3705 882 3780 horrendis
906 3707 1215 3782 exsecrationibus
1244 3705 1423 3806 prosecuti
1449 3704 1531 3793 sint,

314 3828 387 3926 jam
427 3824 514 3900 inde
550 3850 573 3897 a
617 3823 757 3896 Sancto
802 3821 938 3896 lsidoro
967 3817 1212 3932 Sevillaneirsi
1248 3822 1298 3922 (2)
1339 3811 1455 3920 usque
1491 3819 1538 3893 ad

317 3946 485 4042 quintum
505 3940 687 4014 decimum
706 3934 883 4012 saeculum
904 3938 972 4034 (3).
990 3937 1039 4014 Ut
1058 3965 1103 4012 ex
1122 3942 1307 4012 tricesima
1340 3949 1377 4012 et
1409 3948 1539 4034 quarta

316 4059 398 4157 lege
413 4058 451 4134 in
467 4056 539 4131 illis
560 4054 662 4132 Sz'ete
679 4051 862 4128 Partz'das
891 4047 1008 4151 (Part.
1030 4077 1065 4145 11,
1092 4057 1148 4128 tit.
1163 4052 1214 4143 v1)
1243 4065 1392 4152 apparet
1416 4077 1533 4149 usque

315 4175 362 4248 ad
408 4175 677 4250 sanctissimam
719 4167 843 4268 templi
882 4182 1034 4266 partem,
1062 4168 1202 4244 scilicet
1236 4168 1284 4244 ad
1319 4168 1433 4244 altare
1466 4168 1537 4241 Dei

346 4486 455 4553 (1)Quae
472 4484 580 4534 narratio
593 4501 609 4533 a
623 4486 757 4546 Gayangos
772 4479 841 4547 typis
861 4478 984 4530 mandata
996 4487 1044 4529 est.
1064 4478 1106 4529 cf.
1130 4478 1264 4528 Mmrial
1282 4447 1413 4539 historico,
1427 4475 1537 4537 Madrrd,

316 4567 383 4714 183).
398 4647 439 4698 Cl.
453 4662 467 4696 c
479 4648 524 4696 Los
536 4645 693 4708 Origenes»,
709 4641 753 4692 lib.
772 4645 808 4698 18.
822 4657 880 4706 cap.
891 4655 919 4702 41
936 4647 960 4690 et
969 4651 1008 4704 59.
1644 4687 1647 4693 .

346 4730 384 4794 (3)
401 4728 442 4778 Cl.
451 4725 591 4794 praesertim
599 4722 718 4776 Concilio
726 4737 794 4774 anno
805 4719 1041 4772 MCCCCLXXllI
1053 4720 1178 4785 (Aranda)
1193 4726 1217 4767 et
1233 4734 1302 4768 anno
1311 4715 1539 4800 mcccclxxx

315 4809 417 4876 (Alcalt
431 4809 462 4858 de
475 4807 599 4870 Hanares)
614 4807 781 4869 congregata.
