3416 5460
839 583 1000 632 -22..

359 736 427 808 Cui
449 733 618 832 religioni
640 734 804 807 ultimam
822 735 944 806 aetatis
964 757 1042 804 suae
1058 743 1196 829 partem
1217 735 1368 806 omnino
1388 732 1532 806 dedisse

309 853 463 926 videtur.
494 853 689 948 Impositus
712 850 810 922 enim
834 875 932 921 anno
958 847 1130 920 MDXlX
1153 872 1172 918 a
1199 873 1342 922 summo
1362 849 1532 945 pontifice

308 969 400 1043 Leon
429 969 468 1042 X
493 966 672 1040 Ecclesiae
696 968 894 1040 Leonensis
927 964 1107 1048 sacerdos
1130 964 1249 1036 Roma
1283 965 1410 1036 eodem
1432 992 1531 1039 anno

309 1084 559 1182 proficiscitur,
594 1082 841 1154 marchionem
881 1083 924 1153 de
953 1079 1085 1173 Torz'fa
1115 1083 1209 1150 intra
1236 1079 1326 1152 lines
1360 1073 1529 1158 Venetiae

309 1203 482 1274 convenit
507 1209 544 1271 et
574 1198 684 1295 paulo
716 1211 796 1295 post
829 1195 1095 1293 Hierosolymae
1121 1221 1222 1268 sacra
1249 1201 1418 1294 mysteria
1442 1223 1531 1271 con·

310 1315 481 1388 celebrat.
505 1318 515 1396 l
524 1316 554 1407 1)
579 1313 723 1406 Quibus
740 1312 961 1409 temporibus
974 1311 1011 1383 in
1028 1313 1244 1407 Hispaniam
1258 1312 1401 1385 redierit
1415 1317 1529 1386 incer·

310 1442 483 1520 tumest;
520 1433 549 1502 si
575 1430 682 1502 fidem
704 1429 756 1500 illi
791 1427 864 1503 Gz'l
895 1428 1079 1502 Gerraolez
1113 1427 1251 1500 Drim'la
1283 1432 1337 1523 (2)
1358 1428 1531 1502 adhibere

311 1546 404 1634 licet,
431 1558 582 1618 mortem
604 1544 694 1617 obiit
715 1571 814 1617 anno
835 1544 1076 1617 MDXXXIV
1107 1547 1143 1615 in
1177 1543 1413 1618 Salmantina
1444 1545 1532 1620 urbe

311 1663 435 1760 ibique
456 1665 492 1732 in
515 1660 670 1732 basilica
691 1674 795 1734 terrae
818 1659 1013 1734 mandatus
1032 1673 1100 1732 est.
1430 1659 1432 1664 ’

361 1776 460 1870 Quid
486 1779 532 1850 sit
549 1779 659 1872 igitur
674 1776 877 1849 notandum
899 1779 935 1848 in
957 1776 1013 1846 his
1033 1774 1158 1848 decem
1175 1775 1316 1848 labellis
1336 1781 1492 1850 scenicis
1511 1804 1534 1851 a

308 1893 478 1991 Johanne
510 1893 573 1964 del
601 1891 748 1968 Earz'na
786 1896 882 1966 intra
924 1894 1075 1988 primam
1115 1895 1235 1964 aetatis
1274 1919 1350 1966 suae
1393 1907 1531 1990 partem

310 2009 463 2105 scriptiS,
506 2022 541 2081 et
579 2025 759 2104 quatenus
798 2011 833 2078 in
875 2007 932 2078 his
970 2030 1087 2078 mores
1103 2011 1263 2102 proprios
1284 2010 1530 2106 Hispanorum

311 2124 515 2222 depinxerit
536 2151 634 2198 nunc
658 2138 712 2195 est
738 2123 1006 2220 requirendum,
1026 2133 1064 2194 ut
1082 2121 1221 2194 lacilius
1242 2123 1348 2198 nobis
1368 2138 1532 2198 occurrat

311 2267 421 2338 quam
439 2267 493 2312 res
516 2266 611 2314 nova
625 2253 659 2313 et
681 2244 847 2314 inaudita
866 2237 1054 2314 Celestz'na
1085 2238 1146 2310 illa
1167 2239 1270 2312 luerit
1298 2253 1332 2312 et
1353 2256 1530 2338 quantum

311 2369 438 2453 postea
470 2355 679 2454 lohannem
713 2355 829 2452 ipsum
866 2354 1123 2426 informaverit.
1158 2356 1253 2427 Duae
1274 2359 1400 2453 primae
1435 2357 1532 2430 illius

313 2471 488 2568 Ecglogae
536 2474 573 2542 in
607 2497 755 2544 scenam
794 2469 1002 2567 prodierunt
1041 2483 1148 2542 nocte
1187 2472 1533 2559 Nativitati5‚anno

311 2587 713 2673 MCCCCLXXXVH,
725 2591 761 2658 in
779 2587 888 2658 domo
909 2585 1012 2658 ducis
1029 2585 1163 2658 Albani
1180 2587 1240 2659 ubi
1263 2601 1437 2661 structum
1454 2587 1533 2684 pul-

312 2707 426 2800 pitum
442 2701 568 2775 luerat.
596 2703 795 2801 Spectante
811 2703 902 2776 duce
918 2714 952 2774 et
969 2714 1047 2792 tota
1069 2701 1145 2799 ejus
1171 2701 1308 2776 lamilia
1332 2703 1533 2800 procedunt

313 2817 385 2891 duo
405 2830 568 2914 pastores
592 2853 598 2890 :
618 2845 662 2890 ex
692 2818 805 2891 altera
831 2834 931 2914 parte
961 2817 1059 2890 venit
1087 2818 1196 2918 Juan
1223 2824 1284 2916 qui
1319 2845 1358 2892 se
1385 2819 1530 2892 beatum

312 2933 498 3031 profitetur
531 2933 629 3032 quod
658 2959 773 3007 novos
802 2934 971 3006 dominos
1000 2933 1165 3026 lrabeat3
1199 2961 1244 3006 ex
1275 2935 1387 3008 altera
1408 2948 1530 3008 autem

311 3052 431 3124 Moteo
450 3055 511 3147 qui
532 3049 608 3148 ejus
628 3049 908 3124 obtrectatorum
943 3049 1052 3122 verba
1076 3066 1235 3147 usurpat.
1269 3052 1378 3151 Juan
1399 3055 1437 3122 in
1458 3075 1530 3148 quo

211 3167 214 3175 ’
311 3166 454 3240 facilius
469 3178 523 3239 est
539 3179 722 3239 auctorem
746 3171 864 3263 ipsum
885 3191 1086 3262 agnoscere
1101 3193 1140 3240 se
1154 3166 1301 3264 jamjam
1332 3193 1440 3264 opera
1465 3192 1531 3240 sua

311 3281 490 3356 editurum
528 3286 738 3380 pronuntiat
775 3297 813 3355 ut
842 3287 866 3354 ii
899 3286 960 3380 qui
995 3308 1077 3354 eum
1113 3283 1315 3356 maledictis
1349 3283 1532 3356 lacessant

311 3398 559 3472 obmutescere
586 3412 774 3495 cogantur,
795 3411 831 3470 et
861 3402 1069 3471 novissimis
1096 3402 1169 3472 suis
1198 3399 1316 3472 verbis
1346 3399 1392 3470 ad
1413 3423 1531 3496 prose·

311 3513 477 3611 quendos
504 3539 623 3586 rursus
647 3513 816 3587 laudibus
847 3514 1017 3588 dominos
1032 3541 1116 3587 suos
1148 3519 1270 3587 utitur.
1296 3518 1334 3588 ln
1371 3515 1533 3588 secunda

310 3629 475 3728 Ecgloga
489 3655 573 3727 quae
589 3628 715 3702 eadem
737 3643 843 3703 nocte
870 3634 1021 3702 recitata
1036 3642 1100 3718 est,
1119 3657 1141 3701 a
1160 3630 1302 3704 duobus
1322 3629 1528 3728 pastoribus

310 3746 425 3818 Lucas
441 3757 477 3817 et
496 3746 621 3817 Marco
645 3750 835 3819 nuntiatur
850 3762 976 3819 natum
992 3771 1071 3818 esse
1091 3748 1213 3844 Jesum
1235 3745 1434 3833 Chnstum,
1458 3772 1531 3843 qua

310 3885 347 3934 re
375 3865 542 3934 nuntiata
572 3877 727 3958 quatuor
756 3866 794 3933 in
823 3888 935 3934 unum
962 3865 1175 3959 congregati
1201 3875 1362 3959 pastores
1381 3861 1531 3936 effusius

311 3977 482 4050 laetantur
500 3980 613 4049 etiter
624 3977 669 4047 ad
686 3977 916 4049 invisendum
930 3976 1038 4049 modo
1059 3991 1184 4049 natum
1205 3991 1239 4049 et
1256 3982 1528 4050 sanctissimum

309 4117 473 4189 puerum,
500 4093 658 4189 lepidum
690 4122 708 4161 «
726 4093 919 4166 villancico
937 4123 955 4162 »
986 4106 1021 4165 et
1052 4077 1194 4188 abipso
1223 4092 1370 4165 Encirra
1392 4093 1530 4167 musica

309 4221 475 4281 ornatum
503 4221 684 4294 canentes
724 4209 989 4306 ingrediuntur.
1024 4214 1077 4306 (3)
1113 4209 1336 4306 Simpliciter
1363 4214 1457 4282 inter
1491 4235 1530 4283 se

340 4429 378 4492 (1)
392 4429 433 4478 Cl.
451 4444 464 4476 «
482 4429 632 4495 Trivagiao
654 4431 694 4478 via
716 4431 827 4496 sagrada
847 4431 879 4478 de
900 4430 1061 4478 Hierusalem
1080 4447 1093 4478 a
1109 4447 1166 4494 qua:
1183 4429 1274 4479 Romae
1286 4448 1354 4479 anno
1369 4431 1488 4479 MDXXl
1506 4432 1531 4478 in

308 4507 402 4574 vulgus
414 4509 509 4558 emissa
523 4519 568 4558 est.

340 4591 377 4651 (2)
394 4589 505 4638 Historia
533 4591 565 4638 de
593 4591 630 4639 las
650 4590 837 4656 antiguedadts
861 4590 892 4637 de
913 4590 937 4638 la
962 4589 1053 4638 ciudad
1074 4590 1106 4638 de
1135 4591 1290 4640 Salomonea
1311 4619 1340 4629 -
1364 4591 1528 4648 Salamanca¹

309 4668 383 4718 Artus
399 4658 546 4730 Taberniel,
566 4671 633 4720 1606.

343 4751 378 4813 (3)
397 4749 436 4800 Cl.
451 4767 463 4798 e
479 4751 640 4800 Caneionero
651 4750 757 4800 musical
774 4751 806 4798 de
825 4751 863 4798 los
879 4749 959 4814 siglos
972 4750 1023 4799 XV
1036 4768 1052 4818 y
1067 4751 1130 4802 XVl
1143 4752 1274 4802 transcrito
1289 4752 1471 4820 ycomentado
1483 4767 1529 4820 por

308 4828 444 4882 Francisco
457 4832 555 4900 Asenjo
570 4831 691 4882 Barbieri.
707 4827 816 4891 Ma'drid,
833 4832 902 4894 1890.
922 4847 936 4886 >r
