3388 5458
287 577 402 652 multa
421 587 583 650 nontam
604 599 689 648 vera
718 597 828 672 quam
858 575 999 669 impura
1017 557 1065 645 et'
1079 571 1268 646 licentiora
1287 573 1415 648 relerre
1436 599 1512 649 non

285 693 477 768 dubitavit.
497 691 590 766 Cum
606 694 704 764 enirn
727 687 896 785 Suplicz'o
925 692 1082 762 incertas
1101 692 1304 762 amantium
1338 689 1512 765 libidines

284 801 488 883 describere
507 811 618 905 cupit,
642 805 809 878 labulosa
831 808 983 876 nomina
1003 807 1167 900 congerit
1192 831 1344 901 quorum
1366 807 1510 879 notissi-

285 949 344 997 ma
363 927 476 1024 Jason
498 935 534 996 et
552 923 678 995 Minos
697 932 799 1020 sunt,
813 935 848 992 et
870 920 974 993 Paris
1000 933 1035 992 ct
1061 921 1199 993 Tereus
1227 919 1414 1019 multaque
1437 924 1511 998 alia

283 1067 364 1139 quae
396 1039 522 1112 reterre
554 1035 783 1112 fastidiosum
816 1049 911 1108 esset
946 1037 1012 1131 (1).
1054 1036 1151 1108 Num
1188 1035 1292 1110 aliter
1323 1037 1510 1112 Celestina

282 1153 505 1229 infinitarum
522 1166 559 1227 et
575 1156 808 1251 antiquarum
832 1175 1067 1248 personarum
1101 1156 1313 1224 memoriam
1334 1153 1509 1228 referebat

282 1271 329 1344 ad
357 1269 615 1344 sententiolam
635 1268 799 1366 aliquam
819 1266 1098 1342 illustrandam?
1120 1267 1319 1367 Dialogum
1347 1271 1507 1374 denique

281 1386 363 1484 lege
381 1391 419 1458 in
438 1412 511 1484 quo
531 1385 652 1458 Eritea
676 1383 884 1480 Flugenciae
912 1386 1086 1455 meretrici
1109 1387 1288 1481 pessimas
1308 1397 1401 1459 artes
1421 1412 1508 1460 suas

279 1501 452 1600 explanat
485 1516 520 1574 et
540 1499 680 1598 puellas
700 1511 888 1576 enumerat
918 1497 1050 1597 quibus
1080 1503 1300 1596 virginitatis
1330 1503 1504 1578 honorem

278 1623 406 1693 iterum
427 1637 463 1692 et
487 1620 593 1691 tertio
612 1615 769 1691 reddidit
789 1628 828 1690 ut
857 1627 1033 1714 quaestum
1058 1614 1231 1714 majorem
1247 1644 1395 1716 corpore
1409 1619 1504 1694 lace·

276 1747 367 1808 rent.
404 1733 598 1808 Celestinae
630 1732 799 1808 aemulam
830 1730 938 1804 facile
963 1757 1144 1828 agnosces
1164 1734 1261 1832 quod
1292 1735 1523 1810 avidissima

277 1850 340 1923 illa
362 1849 445 1924 lena
474 1848 613 1923 nullum
634 1859 836 1946 stuprorum
870 1859 1013 1922 recusat
1041 1873 1126 1944 quae
1152 1847 1225 1945 jam
1260 1853 1298 1924 in
1328 1853 1502 1949 Tragico-

277 1966 412 2040 moedia
431 1965 477 2039 de
493 1963 635 2042 Cala'sto
641 1992 672 2064 y
685 1963 843 2040 Melz'bea
863 1963 1043 2060 descripta
1056 1976 1151 2052 sunt,
1169 1965 1303 2040 nedum
1317 1972 1500 2064 magicum

275 2082 514 2156 ministerium
534 2081 699 2179 repudiet
724 2093 759 2154 et
793 2093 894 2178 turpe
929 2079 1069 2179 aliquid
1090 2083 1298 2156 existimare
1316 2089 1440 2181 possit,
1469 2090 1499 2160 si

274 2197 422 2298 quidem
436 2196 583 2272 auribus
598 2208 771 2272 resonent
785 2199 938 2270 nummi.

323 2314 406 2388 Non
426 2325 550 2386 tamen
572 2310 770 2388 Celestina
800 2313 997 2409 pravitates
1030 2319 1173 2386 tantum
1200 2313 1310 2412 Juan
1334 2316 1397 2387 del
1419 2317 1497 2389 En-

271 2428 354 2504 cina
373 2426 500 2502 relerre
512 2426 638 2515 valuit,
657 2421 771 2502 sedet
786 2427 1059 2523 hispaniensem
1076 2427 1233 2500 colorem
1254 2443 1289 2500 et
1302 2428 1493 2504 dramatici

271 2543 411 2643 aliquid
432 2544 530 2642 quod
565 2542 603 2616 in
635 2542 815 2640 prioribus
842 2541 1014 2641 Ecglogis
1032 2567 1213 2640 nusquam
1229 2543 1493 2620 inveniebatur.

271 2659 484 2760 Sempronio
503 2663 601 2732 enim
622 2671 658 2734 et
672 2660 855 2734 Parmeno
870 2661 906 2730 in
922 2672 1080 2734 mentem
1101 2661 1252 2732 veniunt
1272 2687 1354 2734 curn
1371 2668 1494 2737 rustici

268 2775 465 2850 audiuntur
486 2773 546 2872 qui
565 2774 707 2873 juvenis
741 2777 901 2848 amantis
922 2778 1170 2870 querimonias
1190 2788 1252 2850 aut
1271 2776 1349 2852 rudi
1369 2782 1501 2879 animo¹

267 2895 547 2988 interpretantur
566 2903 628 2965 aut
640 2894 772 2964 crassis
791 2888 932 2964 facetiis
953 2888 1113 2964 irrident.
1134 2890 1226 2983 Quae
1250 2891 1438 2976 verborum
1459 2908 1495 2970 et

228 3105 232 3112 ι
266 3033 437 3082 sensuum
458 3012 549 3081 mira
568 3007 759 3082 diversitas
779 3005 952 3106 peculiari
980 3007 1226 3104 Hispanorum
1258 3008 1379 3083 studio
1400 3011 1494 3086 adeo

265 3123 459 3220 respondet
479 3138 518 3196 ut
543 3147 671 3196 vocem
693 3120 940 3222 «graciosa»,
968 3147 1053 3219 quae
1080 3121 1159 3194 sola
1189 3121 1290 3196 illam
1309 3129 1490 3223 exprimit,

265 3238 366 3312 nulla
391 3238 465 3312 alia
484 3239 613 3338 lingua
632 3237 841 3336 significare
867 3241 993 3335 possit.
1020 3237 1215 3330 Quomodo
1236 3242 1335 3314 enim
1364 3241 1491 3318 latinis

263 3357 456 3428 sententiis
480 3353 589 3428 risum
620 3352 821 3451 explicabis
845 3354 892 3428 ad
926 3377 1035 3452 quem
1063 3353 1161 3428 lrons
1189 3368 1251 3428 tua
1281 3357 1494 3434 transfertur

262 3495 344 3542 cum
367 3468 533 3542 Filenum
555 3469 599 3544 de
629 3469 748 3544 Cefira
767 3482 803 3546 et
821 3468 966 3544 lortuna
992 3495 1067 3542 non
1095 3473 1175 3544 sine
1196 3495 1307 3546 causa
1326 3473 1390 3546 sed
1410 3474 1491 3549 sine

260 3585 334 3660 fine
353 3585 603 3682 deplorantem
632 3585 774 3662 solatiis
804 3581 1032 3660 Zambardus
1051 3585 1250 3682 permulcet
1279 3615 1359 3686 quae
1378 3595 1487 3666 amici

260 3705 444 3774 tristitiam
479 3705 597 3798 magis
626 3701 788 3774 cavillari
818 3725 930 3798 quam
951 3700 1070 3774 levare
1098 3701 1294 3776 videntur?
1315 3707 1368 3803 (2)
1402 3707 1489 3780 Non

259 3816 364 3906 aliter
404 3819 570 3891 Parcaal
597 3829 633 3890 et
671 3817 743 3893 Gr'l
768 3844 807 3892 se
838 3831 970 3914 gerunt
1012 3821 1073 3914 qui
1111 3815 1247 3890 flebilia
1281 3833 1317 3892 et
1358 3819 1489 3896 flentes

258 3958 431 4029 personas
472 3959 570 4007 nunc
617 3931 718 4030 jocis,
764 3959 862 4008 nunc
882 3957 1013 4006 somno
1068 3937 1255 4030 excipiunt
1297 3938 1364 4032 (3).
1406 3939 1486 4012 Mo·

258 4066 366 4139 nachi
413 4091 560 4164 quoque
606 4065 702 4162 apud
739 4065 948 4165 Johannem
979 4065 1042 4136 del
1071 4064 1217 4138 Encr'na
1261 4070 1355 4141 sicut
1383 4072 1486 4167 apud

259 4181 489 4255 Fernandurn
513 4183 557 4254 a'e
585 4179 701 4278 Rajas
736 4180 833 4254 limis
862 4179 981 4255 verbis
1002 4184 1259 4278 increpantur;
1284 4209 1414 4282 nempe
1447 4200 1484 4260 et

256 4297 322 4394 ipsi
343 4297 484 4370 lacetiis
508 4297 580 4369 illis
600 4299 789 4370 materiam
810 4296 971 4396 praebent
997 4321 1081 4394 quae
1100 4297 1347 4394 Hispanorum
1368 4327 1482 4398 popu·

255 4412 365 4486 larem
378 4426 413 4485 et
431 4425 506 4486 tarn
527 4412 666 4486 firmam
687 4437 796 4511 quarn
817 4412 969 4504 liberam
990 4411 1222 4486 devotionem
1241 4415 1478 4512 patefaciunt.

283 4637 318 4696 (r)
331 4624 433 4698 Eglaga
444 4634 553 4684 Placido
557 4650 578 4697 y
593 4633 735 4685 vicariano.

283 4717 319 4780 (2)
331 4704 435 4778 Egloga
451 4715 476 4764 F
476 4715 552 4768 ilem.

282 4797 319 4861 (3)
330 4784 434 4862 Egloga
447 4795 587 4862 Blaciday
605 4793 748 4850 Vitorium.
