3388 5458
774 501 933 568 -92-

245 647 395 726 Nullum
422 675 507 723 vero
526 647 625 722 aliud
650 673 740 746 opus
759 648 876 722 Lucas
898 645 936 722 F
935 649 1118 722 ernaudes
1137 652 1340 745 composuit
1363 648 1461 748 quod

243 766 378 840 talibus
393 765 448 840 vel
468 765 648 839 similibus
663 763 814 862 dignum
834 768 881 837 sit
896 762 1078 838 laudibus.
1101 765 1281 859 Quamvis
1308 764 1462 839 enimin

243 882 386 957 duobus
404 897 440 956 et
459 886 614 956 scenicis
628 881 723 954 ludis
739 907 831 979 quos
850 881 895 953 de
915 881 1116 954 Nativitate
1130 883 1274 978 scripsit
1289 881 1461 982 religioso

242 999 422 1072 interdum
451 1002 579 1096 spiritu
604 999 863 1093 instinguatur‚
895 994 1009 1070 tribus
1042 1022 1062 1068 e
1092 995 1267 1087 lontibus,
1291 1001 1385 1071 sicut
1422 1002 1460 1072 in

240 1120 369 1190 ceteris
387 1126 423 1189 et
443 1113 603 1212 profanis
634 1111 807 1202 versibus,
842 1135 958 1211 aquas
988 1110 1107 1186 haurit
1139 1111 1273 1212 quibus
1301 1113 1459 1188 rivulum

239 1231 305 1305 alit
323 1257 442 1306 suum.
461 1231 554 1304 Cum
573 1241 695 1303 autem
715 1232 870 1327 primum
906 1227 1108 1328 Rodrigum
1128 1231 1172 1302 de
1203 1231 1302 1321 Cota,
1325 1229 1459 1329 Johan-

239 1372 323 1420 nem
337 1346 472 1422 deinde
483 1347 547 1420 del
556 1348 594 1419 E
594 1344 713 1435 ncz'na,
736 1344 764 1418 F
765 1342 969 1418 ornandum
983 1342 1143 1444 denique
1157 1346 1201 1418 de
1218 1346 1334 1444 Rojas
1351 1349 1457 1420 vicis-

237 1467 306 1536 sim
336 1467 507 1550 imitetur,
538 1486 731 1560 nusquam,
770 1485 852 1533 mea
877 1459 1026 1560 quidem
1047 1465 1241 1550 sententia,
1266 1461 1457 1535 dramatici

236 1591 350 1675 poetae
365 1578 527 1676 partibus
549 1577 678 1650 melius
699 1575 845 1651 functus
865 1589 919 1650 est
939 1601 1049 1673 quam
1070 1581 1109 1650 in
1129 1581 1251 1652 scenis
1270 1604 1352 1677 quae
1370 1579 1457 1652 Tra·

234 1693 469 1790 gicomoediae
484 1696 528 1767 de
544 1697 578 1768 C
577 1691 690 1766 alz'sto
709 1719 740 1793 y
758 1692 915 1766 Melibea
930 1697 1142 1766 memoriam
1158 1693 1352 1768 reducunt.
1371 1693 1457 1787 Quo

234 1814 331 1882 enirn
364 1810 474 1884 verbo
511 1811 558 1883 ad
598 1808 796 1906 Dialogum
817 1837 836 1878 <‹
857 1821 949 1898 para
976 1817 1141 1882 cantari>
1182 1808 1457 1908 dijudicandum
1523 1833 1531 1852 ·

233 1928 346 1999 utaris
365 1925 463 2022 quod
479 1925 592 2024 lyrico
604 1928 763 1998 sermoni
785 1952 804 1992 «
820 1932 923 1996 entre
935 1924 974 1996 el
983 1923 1097 1997 Amor
1104 1951 1136 2024 y
1157 1951 1208 1998 un
1228 1924 1325 2025 viejo
1345 1955 1364 1996 r>
1381 1949 1455 1998 non

231 2040 305 2139 jam
322 2043 553 2114 conveniat?
581 2040 682 2134 Quid
716 2043 878 2131 interest,
917 2042 987 2112 nisi
1008 2038 1157 2131 titulus,
1195 2043 1289 2116 inter
1320 2044 1456 2140 priores

229 2157 411 2255 Johannis
430 2158 494 2230 del
506 2157 653 2231 Encz'na
676 2155 859 2254 Ecglogas
877 2167 913 2228 et
933 2154 1154 2229 comoediam
1166 2155 1268 2255 cujus
1285 2181 1453 2255 personae

231 2273 431 2365 Erus-Gal,
467 2271 727 2374 Bert'nguella,
763 2271 1061 2372 Mz'guebTurra,
1107 2273 1236 2347 Olalla
1269 2297 1453 2372 senexque

229 2389 338 2488 Juan
364 2388 498 2462 Benita
526 2391 793 2463 nominantur?
826 2389 996 2461 Pastores
1034 2413 1176 2486 semper
1194 2387 1363 2463 audimus
1390 2389 1450 2488 qui

231 2503 362 2576 rustica
395 2503 607 2602 opprobria
631 2503 787 2578 lundunt
821 2516 883 2578 aut
920 2493 1054 2600 puellae¹
1087 2503 1234 2577 lastidia
1281 2529 1449 2601 superare

230 2631 419 2694 conantur.
458 2620 549 2714 Quae
583 2624 620 2692 in
650 2624 806 2718 septima
831 2618 1012 2719 Johannis
1041 2620 1104 2692 del
1118 2619 1267 2693 Encz'na
1287 2619 1451 2718 Ecgloga

231 2735 419 2808 Pascualae
438 2735 585 2837 MingO,
606 2739 636 2810 si
657 2735 804 2835 quidem
821 2750 983 2808 mutuam
1004 2748 1222 2809 consecutus
1240 2735 1307 2810 erit
1326 2736 1451 2810 volun·

230 2863 354 2941 tatem,
374 2876 413 2925 se
432 2850 600 2926 daturum
615 2877 695 2927 esse
709 2851 915 2952 pollicetur,
932 2855 1058 2924 omnia
1084 2851 1147 2924 illa
1170 2852 1228 2926 vel
1250 2851 1352 2942 talia,
1375 2879 1450 2928 non

229 2971 350 3040 minus
363 2967 467 3041 rudia
485 2981 521 3042 et
535 2967 699 3058 ridicula,
725 2971 848 3066 nepoti
882 2967 1005 3041 dotem
1024 2968 1135 3068 Juan
1162 2966 1297 3042 Bem'to
1316 2973 1449 3043 consti·

227 3085 308 3155 tuit.
328 3083 384 3156 Ne
404 3083 478 3157 alio
499 3112 517 3152 ‹<
535 3096 665 3159 saturae
684 3115 704 3155 »
722 3087 912 3157 materiam
930 3108 1135 3181 quaeramus
1150 3087 1274 3183 inqua
1287 3084 1448 3158 nobilem

227 3198 423 3294 quamdam
478 3199 803 3290 adolescentulam,
855 3211 1110 3298 pastoremque
1155 3210 1191 3272 et
1227 3203 1446 3298 armigerum

226 3313 419 3412 loquentes
434 3315 614 3389 audimus.
629 3317 758 3390 Risum
779 3328 874 3390 certe
893 3326 995 3390 tuum
1016 3316 1178 3390 rusticuli
1196 3318 1346 3413 ineptiae
1372 3343 1447 3390 mo·

224 3432 360 3505 vebunt
388 3457 473 3529 quae
503 3431 636 3505 flebilis
664 3431 798 3530 puellae
837 3431 945 3505 nimis
972 3435 1170 3530 exquisitis
1213 3431 1376 3506 flosculis
1409 3445 1446 3506 et

226 3546 426 3622 ambitiosae
446 3546 483 3618 in
499 3545 684 3646 loquendo
697 3547 885 3646 jactantiae
907 3547 1018 3645 longe
1033 3547 1193 3646 disparia
1211 3546 1322 3621 verba
1335 3571 1445 3645 oppo-

210 3674 318 3736 nunt
340 3696 347 3754 ;
365 3663 584 3737 mediocrem
603 3687 688 3738 vero
708 3666 780 3736 vim
796 3667 834 3736 in
850 3661 972 3737 labula
987 3662 1205 3756 intricanda,
1225 3661 1445 3750 mediocrem

224 3806 369 3878 quoque
379 3805 615 3878 personarum
634 3783 824 3854 veritatem
843 3805 923 3854 esse
943 3779 1183 3853 existimabis.

273 3893 435 3971 Allectus
453 3909 580 3970 contra
595 3899 642 3968 in¹
668 3908 859 3970 «satura»
885 3897 1004 3996 acrius
1022 3907 1059 3968 et
1086 3898 1234 3993 gravius
1254 3907 1446 3969 moventur

223 4038 301 4110 quae
338 4023 499 4109 pastores
526 4011 631 4100 dum,
655 4009 807 4086 militem
847 4011 1044 4110 quemdam
1069 4011 1303 4111 puellamque
1322 4015 1444 4086 ovium

221 4259 306 4325 magis
331 4259 449 4326 ingenuis
467 4261 553 4312 verbis
574 4267 599 4310 et
622 4275 680 4325 quae
701 4259 828 4325 majorem
851 4259 963 4310 habeant
986 4259 1189 4310 misericordiam
1217 4259 1289 4310 nulla
1311 4259 1338 4310 in
1357 4259 1446 4327 lingua

219 4355 367 4403 expressum
380 4355 438 4390 esse
453 4356 459 4394 :

605 4434 620 4468 c
634 4418 708 4470 Cuan
722 4419 925 4470 desconsoladas
937 4419 1030 4469 tuimos

607 4499 745 4564 Mezquina
758 4507 829 4550 entre
844 4499 882 4551 las
894 4499 1052 4566 mezquinas,

609 4580 718 4632 Cuando
730 4579 812 4646 quitar
826 4581 850 4630 le
865 4581 991 4646 quisimos

608 4661 760 4725 Lacotena,
773 4677 791 4727 y
806 4675 841 4711 no
851 4661 973 4727 podimos

605 4741 759 4793 Arrancarle
770 4740 810 4793 las
820 4741 924 4809 aspinae
939 4742 945 4792 1
966 4758 981 4794 a
